<?xml version="1.0" encoding="UTF-8"?>
<!DOCTYPE html PUBLIC "-//W3C//DTD XHTML 1.0 Transitional//EN"
    "http://www.w3.org/TR/xhtml1/DTD/xhtml1-transitional.dtd">
<html xmlns="http://www.w3.org/1999/xhtml" xml:lang="en" lang="en">
 <head>
  <title>
</title>
<meta http-equiv="Content-Type" content="text/html;charset=utf-8" />
  <meta name='ocr-system' content='tesseract 3.04.00' />
  <meta name='ocr-capabilities' content='ocr_page ocr_carea ocr_par ocr_line ocrx_word'/>
</head>
<body>
  <div class='ocr_page' id='page_1' title='image "./bibliasacrajuxta00fill_0131.png"; bbox 0 0 2456 3861; ppageno 0'>
   <div class='ocr_carea' id='block_1_1' title="bbox 657 179 1941 233">
    <p class='ocr_par' dir='ltr' id='par_1_1' title="bbox 657 179 1941 233">
     <span class='ocr_line' id='line_1_1' title="bbox 657 179 1941 233; baseline 0.001 -12"><span class='ocrx_word' id='word_1_1' title='bbox 657 179 769 222; x_wconf 79' lang='lat' dir='ltr'>LEv.</span> <span class='ocrx_word' id='word_1_2' title='bbox 806 179 973 228; x_wconf 81' lang='lat' dir='ltr'>XXIV,</span> <span class='ocrx_word' id='word_1_3' title='bbox 1007 180 1033 222; x_wconf 87' lang='lat'><strong>3</strong></span> <span class='ocrx_word' id='word_1_4' title='bbox 1066 205 1123 212; x_wconf 92' lang='lat'>—</span> <span class='ocrx_word' id='word_1_5' title='bbox 1154 179 1299 233; x_wconf 86' lang='lat' dir='ltr'>XXV,</span> <span class='ocrx_word' id='word_1_6' title='bbox 1336 179 1402 221; x_wconf 93' lang='lat'>11.</span> <span class='ocrx_word' id='word_1_7' title='bbox 1859 179 1941 222; x_wconf 87' lang='lat'>115</span> 
     </span>
    </p>
   </div>
   <div class='ocr_carea' id='block_1_2' title="bbox 107 348 1945 2233">
    <p class='ocr_par' dir='ltr' id='par_1_2' title="bbox 107 348 1945 2233">
     <span class='ocr_line' id='line_1_2' title="bbox 120 348 1940 406; baseline 0 -14"><span class='ocrx_word' id='word_1_8' title='bbox 120 352 146 396; x_wconf 68' lang='lat'>3.</span> <span class='ocrx_word' id='word_1_9' title='bbox 166 366 244 406; x_wconf 65' lang='lat' dir='ltr'>-vn,</span> <span class='ocrx_word' id='word_1_10' title='bbox 275 349 332 392; x_wconf 85' lang='lat' dir='ltr'>ad</span> <span class='ocrx_word' id='word_1_11' title='bbox 366 349 695 392; x_wconf 80' lang='lat' dir='ltr'>concinnandas</span> <span class='ocrx_word' id='word_1_12' title='bbox 728 348 928 392; x_wconf 88' lang='lat' dir='ltr'>lucernas</span> <span class='ocrx_word' id='word_1_13' title='bbox 954 349 1130 405; x_wconf 83' lang='lat' dir='ltr'>jugiter,</span> <span class='ocrx_word' id='word_1_14' title='bbox 1165 349 1182 375; x_wconf 74' lang='grc'><strong>3</strong></span> <span class='ocrx_word' id='word_1_15' title='bbox 1208 354 1330 392; x_wconf 81' lang='lat' dir='ltr'>extra</span> <span class='ocrx_word' id='word_1_16' title='bbox 1360 348 1508 392; x_wconf 90' lang='lat' dir='ltr'>velum</span> <span class='ocrx_word' id='word_1_17' title='bbox 1539 348 1779 392; x_wconf 71' lang='lat' dir='ltr'>testimonii</span> <span class='ocrx_word' id='word_1_18' title='bbox 1802 348 1847 391; x_wconf 92' lang='lat' dir='ltr'>in</span> <span class='ocrx_word' id='word_1_19' title='bbox 1879 354 1940 392; x_wconf 84' lang='lat' dir='ltr'>ta-</span> 
     </span>
     <span class='ocr_line' id='line_1_3' title="bbox 123 407 1941 465; baseline -0.001 -13"><span class='ocrx_word' id='word_1_20' title='bbox 123 408 356 452; x_wconf 88' lang='lat' dir='ltr'>bernaculo</span> <span class='ocrx_word' id='word_1_21' title='bbox 383 408 578 452; x_wconf 79' lang='lat' dir='ltr'>foederis.</span> <span class='ocrx_word' id='word_1_22' title='bbox 608 408 832 463; x_wconf 87' lang='lat' dir='ltr'>Ponetque</span> <span class='ocrx_word' id='word_1_23' title='bbox 859 422 930 450; x_wconf 87' lang='lat' dir='ltr'>eas</span> <span class='ocrx_word' id='word_1_24' title='bbox 956 408 1103 450; x_wconf 86' lang='lat' dir='ltr'>Aaron</span> <span class='ocrx_word' id='word_1_25' title='bbox 1134 423 1159 450; x_wconf 88' lang='lat' dir='ltr'>a</span> <span class='ocrx_word' id='word_1_26' title='bbox 1194 422 1372 465; x_wconf 85' lang='lat' dir='ltr'>vespere</span> <span class='ocrx_word' id='word_1_27' title='bbox 1400 421 1535 464; x_wconf 88' lang='lat' dir='ltr'>usque</span> <span class='ocrx_word' id='word_1_28' title='bbox 1560 407 1616 450; x_wconf 90' lang='lat' dir='ltr'>ad</span> <span class='ocrx_word' id='word_1_29' title='bbox 1645 422 1773 450; x_wconf 89' lang='lat' dir='ltr'>mane</span> <span class='ocrx_word' id='word_1_30' title='bbox 1795 421 1941 450; x_wconf 88' lang='lat' dir='ltr'>coram</span> 
     </span>
     <span class='ocr_line' id='line_1_4' title="bbox 125 465 1940 534; baseline -0.001 -24"><span class='ocrx_word' id='word_1_31' title='bbox 125 467 332 522; x_wconf 90' lang='lat' dir='ltr'>Domino,</span> <span class='ocrx_word' id='word_1_32' title='bbox 363 467 485 510; x_wconf 89' lang='lat' dir='ltr'>cultu</span> <span class='ocrx_word' id='word_1_33' title='bbox 520 467 692 522; x_wconf 81' lang='lat' dir='ltr'><strong>rituque</strong></span> <span class='ocrx_word' id='word_1_34' title='bbox 717 472 926 523; x_wconf 88' lang='lat' dir='ltr'>perpetuo</span> <span class='ocrx_word' id='word_1_35' title='bbox 960 466 1004 508; x_wconf 89' lang='lat' dir='ltr'>in</span> <span class='ocrx_word' id='word_1_36' title='bbox 1038 466 1396 534; x_wconf 78' lang='lat' dir='ltr'>generationibus</span> <span class='ocrx_word' id='word_1_37' title='bbox 1431 466 1600 510; x_wconf 89' lang='lat' dir='ltr'>vestris.</span> <span class='ocrx_word' id='word_1_38' title='bbox 1635 465 1652 493; x_wconf 73' lang='grc'>1</span> <span class='ocrx_word' id='word_1_39' title='bbox 1677 467 1815 523; x_wconf 83' lang='lat' dir='ltr'><strong>Super</strong></span> <span class='ocrx_word' id='word_1_40' title='bbox 1840 481 1940 509; x_wconf 88' lang='lat' dir='ltr'>can-</span> 
     </span>
     <span class='ocr_line' id='line_1_5' title="bbox 119 525 1703 582; baseline -0.001 -13"><span class='ocrx_word' id='word_1_41' title='bbox 119 526 347 569; x_wconf 77' lang='lat' dir='ltr'>dolabrum</span> <span class='ocrx_word' id='word_1_42' title='bbox 375 525 715 568; x_wconf 89' lang='lat' dir='ltr'>mundissimum</span> <span class='ocrx_word' id='word_1_43' title='bbox 741 531 957 581; x_wconf 84' lang='lat' dir='ltr'>ponentui</span> <span class='ocrx_word' id='word_1_44' title='bbox 981 539 1153 581; x_wconf 72' lang='lat' dir='ltr'>semper</span> <span class='ocrx_word' id='word_1_45' title='bbox 1173 526 1217 567; x_wconf 91' lang='lat' dir='ltr'>in</span> <span class='ocrx_word' id='word_1_46' title='bbox 1245 531 1483 582; x_wconf 88' lang='lat' dir='ltr'>conspectu</span> <span class='ocrx_word' id='word_1_47' title='bbox 1511 525 1703 569; x_wconf 89' lang='lat' dir='ltr'>Domini.</span> 
     </span>
     <span class='ocr_line' id='line_1_6' title="bbox 175 583 1939 668; baseline -0.001 -41"><span class='ocrx_word' id='word_1_48' title='bbox 175 586 192 611; x_wconf 81' lang='grc'>5</span> <span class='ocrx_word' id='word_1_49' title='bbox 218 585 424 642; x_wconf 82' lang='lat' dir='ltr'>Accipies</span> <span class='ocrx_word' id='word_1_50' title='bbox 455 597 625 640; x_wconf 91' lang='lat' dir='ltr'>quoque</span> <span class='ocrx_word' id='word_1_51' title='bbox 657 583 873 639; x_wconf 80' lang='lat' dir='ltr'>similam,</span> <span class='ocrx_word' id='word_1_52' title='bbox 889 588 945 668; x_wconf 61' lang='lat' dir='ltr'>Get</span> <span class='ocrx_word' id='word_1_53' title='bbox 968 597 1126 639; x_wconf 77' lang='lat' dir='ltr'>coques</span> <span class='ocrx_word' id='word_1_54' title='bbox 1152 598 1205 626; x_wconf 80' lang='lat' dir='ltr'>ex</span> <span class='ocrx_word' id='word_1_55' title='bbox 1232 599 1282 627; x_wconf 87' lang='lat' dir='ltr'>ea</span> <span class='ocrx_word' id='word_1_56' title='bbox 1316 584 1549 627; x_wconf 89' lang='lat' dir='ltr'>duodecim</span> <span class='ocrx_word' id='word_1_57' title='bbox 1571 599 1726 641; x_wconf 90' lang='lat' dir='ltr'>panes,</span> <span class='ocrx_word' id='word_1_58' title='bbox 1755 584 1827 640; x_wconf 88' lang='lat' dir='ltr'>qui</span> <span class='ocrx_word' id='word_1_59' title='bbox 1854 584 1939 627; x_wconf 89' lang='lat' dir='ltr'>sin-</span> 
     </span>
     <span class='ocr_line' id='line_1_7' title="bbox 117 641 1942 700; baseline -0.001 -13.983"><span class='ocrx_word' id='word_1_60' title='bbox 117 644 207 699; x_wconf 73' lang='lat' dir='ltr'>guli</span> <span class='ocrx_word' id='word_1_61' title='bbox 235 644 463 687; x_wconf 88' lang='lat' dir='ltr'>habebunt</span> <span class='ocrx_word' id='word_1_62' title='bbox 490 643 598 686; x_wconf 89' lang='lat' dir='ltr'>duas</span> <span class='ocrx_word' id='word_1_63' title='bbox 630 641 854 695; x_wconf 89' lang='lat' dir='ltr'>deeimas;</span> <span class='ocrx_word' id='word_1_64' title='bbox 889 641 1115 697; x_wconf 77' lang='grc'>6’0001001</span> <span class='ocrx_word' id='word_1_65' title='bbox 1137 657 1264 684; x_wconf 72' lang='grc'>30003</span> <span class='ocrx_word' id='word_1_66' title='bbox 1297 643 1558 686; x_wconf 69' lang='lat' dir='ltr'>altrinsecus</span> <span class='ocrx_word' id='word_1_67' title='bbox 1584 657 1714 700; x_wconf 90' lang='lat' dir='ltr'>super</span> <span class='ocrx_word' id='word_1_68' title='bbox 1743 658 1942 686; x_wconf 87' lang='lat' dir='ltr'>mensam</span> 
     </span>
     <span class='ocr_line' id='line_1_8' title="bbox 117 677 1940 759; baseline 0.002 -17"><span class='ocrx_word' id='word_1_69' title='bbox 117 703 398 759; x_wconf 77' lang='lat' dir='ltr'>pulissimam</span> <span class='ocrx_word' id='word_1_70' title='bbox 424 715 571 744; x_wconf 79' lang='lat' dir='ltr'>emam</span> <span class='ocrx_word' id='word_1_71' title='bbox 607 699 798 743; x_wconf 91' lang='lat' dir='ltr'>Domino</span> <span class='ocrx_word' id='word_1_72' title='bbox 823 677 1018 754; x_wconf 82' lang='lat' dir='ltr'>statues,</span> <span class='ocrx_word' id='word_1_73' title='bbox 1053 700 1068 726; x_wconf 81' lang='lat'><em>⁷</em></span> <span class='ocrx_word' id='word_1_74' title='bbox 1095 706 1137 743; x_wconf 90' lang='lat' dir='ltr'>et</span> <span class='ocrx_word' id='word_1_75' title='bbox 1167 714 1300 757; x_wconf 87' lang='lat' dir='ltr'>pones</span> <span class='ocrx_word' id='word_1_76' title='bbox 1333 715 1462 757; x_wconf 84' lang='lat' dir='ltr'>super</span> <span class='ocrx_word' id='word_1_77' title='bbox 1487 716 1558 744; x_wconf 88' lang='grc'>003</span> <span class='ocrx_word' id='word_1_78' title='bbox 1596 703 1696 745; x_wconf 89' lang='lat' dir='ltr'>thus</span> <span class='ocrx_word' id='word_1_79' title='bbox 1722 702 1940 746; x_wconf 89' lang='lat' dir='ltr'>lucidissi-</span> 
     </span>
     <span class='ocr_line' id='line_1_9' title="bbox 118 736 1938 817; baseline 0.001 -14"><span class='ocrx_word' id='word_1_80' title='bbox 118 776 258 816; x_wconf 82' lang='lat' dir='ltr'>mum,</span> <span class='ocrx_word' id='word_1_81' title='bbox 287 766 334 803; x_wconf 89' lang='lat' dir='ltr'>ut</span> <span class='ocrx_word' id='word_1_82' title='bbox 356 761 413 803; x_wconf 89' lang='lat' dir='ltr'>sit</span> <span class='ocrx_word' id='word_1_83' title='bbox 439 759 565 816; x_wconf 90' lang='lat' dir='ltr'>panis</span> <span class='ocrx_word' id='word_1_84' title='bbox 588 759 633 801; x_wconf 91' lang='lat' dir='ltr'>in</span> <span class='ocrx_word' id='word_1_85' title='bbox 661 758 984 801; x_wconf 80' lang='lat' dir='ltr'>monimentum</span> <span class='ocrx_word' id='word_1_86' title='bbox 1010 736 1246 801; x_wconf 64' lang='lat' dir='ltr'>’oblationis</span> <span class='ocrx_word' id='word_1_87' title='bbox 1274 760 1467 802; x_wconf 84' lang='lat' dir='ltr'>Domini.</span> <span class='ocrx_word' id='word_1_88' title='bbox 1502 761 1518 786; x_wconf 81' lang='lat'><strong>⁸</strong></span> <span class='ocrx_word' id='word_1_89' title='bbox 1542 761 1624 804; x_wconf 90' lang='lat' dir='ltr'>Per</span> <span class='ocrx_word' id='word_1_90' title='bbox 1645 761 1820 817; x_wconf 86' lang='lat' dir='ltr'>singula</span> <span class='ocrx_word' id='word_1_91' title='bbox 1843 762 1938 805; x_wconf 86' lang='lat' dir='ltr'>sab-</span> 
     </span>
     <span class='ocr_line' id='line_1_10' title="bbox 116 816 1938 877; baseline 0.002 -17"><span class='ocrx_word' id='word_1_92' title='bbox 116 821 217 862; x_wconf 86' lang='lat' dir='ltr'>bata</span> <span class='ocrx_word' id='word_1_93' title='bbox 253 819 542 862; x_wconf 88' lang='lat' dir='ltr'>mutabuntur</span> <span class='ocrx_word' id='word_1_94' title='bbox 577 831 724 860; x_wconf 87' lang='lat' dir='ltr'>coram</span> <span class='ocrx_word' id='word_1_95' title='bbox 764 816 955 860; x_wconf 91' lang='lat' dir='ltr'>Domino</span> <span class='ocrx_word' id='word_1_96' title='bbox 986 817 1178 874; x_wconf 89' lang='lat' dir='ltr'>suscepti</span> <span class='ocrx_word' id='word_1_97' title='bbox 1212 832 1238 860; x_wconf 88' lang='lat' dir='ltr'>a</span> <span class='ocrx_word' id='word_1_98' title='bbox 1272 817 1373 860; x_wconf 85' lang='lat' dir='ltr'>filiis</span> <span class='ocrx_word' id='word_1_99' title='bbox 1408 819 1547 861; x_wconf 80' lang='lat' dir='ltr'>Isiael</span> <span class='ocrx_word' id='word_1_100' title='bbox 1580 820 1749 863; x_wconf 77' lang='lat' dir='ltr'>foedere</span> <span class='ocrx_word' id='word_1_101' title='bbox 1782 822 1938 877; x_wconf 80' lang='lat' dir='ltr'>sempi-</span> 
     </span>
     <span class='ocr_line' id='line_1_11' title="bbox 115 875 1937 943; baseline 0 -22"><span class='ocrx_word' id='word_1_102' title='bbox 115 886 262 933; x_wconf 66' lang='grc'>10100</span> <span class='ocrx_word' id='word_1_103' title='bbox 290 877 307 903; x_wconf 83' lang='lat'>⁰</span> <span class='ocrx_word' id='word_1_104' title='bbox 326 882 538 932; x_wconf 84' lang='lat' dir='ltr'>eruntque</span> <span class='ocrx_word' id='word_1_105' title='bbox 567 876 717 919; x_wconf 83' lang='lat' dir='ltr'>Aaion</span> <span class='ocrx_word' id='word_1_106' title='bbox 743 880 786 919; x_wconf 91' lang='lat' dir='ltr'>et</span> <span class='ocrx_word' id='word_1_107' title='bbox 807 875 997 918; x_wconf 89' lang='lat' dir='ltr'>filiorum</span> <span class='ocrx_word' id='word_1_108' title='bbox 1020 876 1137 943; x_wconf 76' lang='lat' dir='ltr'>eJ&#39;us,</span> <span class='ocrx_word' id='word_1_109' title='bbox 1157 881 1206 918; x_wconf 91' lang='lat' dir='ltr'>ut</span> <span class='ocrx_word' id='word_1_110' title='bbox 1231 876 1466 919; x_wconf 76' lang='lat' dir='ltr'>comedant</span> <span class='ocrx_word' id='word_1_111' title='bbox 1488 891 1560 920; x_wconf 90' lang='lat' dir='ltr'>eos</span> <span class='ocrx_word' id='word_1_112' title='bbox 1584 877 1629 919; x_wconf 92' lang='lat' dir='ltr'>in</span> <span class='ocrx_word' id='word_1_113' title='bbox 1652 878 1746 921; x_wconf 92' lang='grc'>1000</span> <span class='ocrx_word' id='word_1_114' title='bbox 1767 892 1900 922; x_wconf 71' lang='lat' dir='ltr'>sanct</span> <span class='ocrx_word' id='word_1_115' title='bbox 1912 899 1937 934; x_wconf 70' lang='grc' dir='ltr'>ι,</span> 
     </span>
     <span class='ocr_line' id='line_1_12' title="bbox 114 934 1725 992; baseline 0.001 -14"><span class='ocrx_word' id='word_1_116' title='bbox 114 937 216 992; x_wconf 81' lang='lat' dir='ltr'>quia</span> <span class='ocrx_word' id='word_1_117' title='bbox 241 939 445 980; x_wconf 83' lang='lat' dir='ltr'>sanctum</span> <span class='ocrx_word' id='word_1_118' title='bbox 471 940 726 978; x_wconf 87' lang='lat' dir='ltr'>sanctorum</span> <span class='ocrx_word' id='word_1_119' title='bbox 753 939 818 978; x_wconf 90' lang='lat' dir='ltr'>est</span> <span class='ocrx_word' id='word_1_120' title='bbox 844 934 898 977; x_wconf 91' lang='lat' dir='ltr'>de</span> <span class='ocrx_word' id='word_1_121' title='bbox 919 934 1147 978; x_wconf 74' lang='lat' dir='ltr'>sacrificiis</span> <span class='ocrx_word' id='word_1_122' title='bbox 1176 935 1355 978; x_wconf 88' lang='lat' dir='ltr'>Domini</span> <span class='ocrx_word' id='word_1_123' title='bbox 1379 935 1476 991; x_wconf 89' lang='lat' dir='ltr'>J&#39;ure</span> <span class='ocrx_word' id='word_1_124' title='bbox 1503 942 1725 992; x_wconf 79' lang='lat' dir='ltr'>perpetuo.</span> 
     </span>
     <span class='ocr_line' id='line_1_13' title="bbox 177 993 1942 1062; baseline 0.001 -24"><span class='ocrx_word' id='word_1_125' title='bbox 177 995 208 1021; x_wconf 91' lang='lat'>¹⁰</span> <span class='ocrx_word' id='word_1_126' title='bbox 234 996 349 1038; x_wconf 89' lang='lat' dir='ltr'>Ecce</span> <span class='ocrx_word' id='word_1_127' title='bbox 378 999 528 1038; x_wconf 89' lang='lat' dir='ltr'>autem</span> <span class='ocrx_word' id='word_1_128' title='bbox 559 1008 757 1049; x_wconf 87' lang='lat' dir='ltr'>egressus</span> <span class='ocrx_word' id='word_1_129' title='bbox 791 993 906 1036; x_wconf 89' lang='lat' dir='ltr'>filius</span> <span class='ocrx_word' id='word_1_130' title='bbox 940 994 1136 1037; x_wconf 89' lang='lat' dir='ltr'>mulieris</span> <span class='ocrx_word' id='word_1_131' title='bbox 1165 993 1442 1050; x_wconf 85' lang='lat' dir='ltr'>israelitidis,</span> <span class='ocrx_word' id='word_1_132' title='bbox 1473 1009 1603 1050; x_wconf 86' lang='lat' dir='ltr'>quem</span> <span class='ocrx_word' id='word_1_133' title='bbox 1636 1002 1863 1062; x_wconf 79' lang='lat' dir='ltr'>pepereiat</span> <span class='ocrx_word' id='word_1_134' title='bbox 1890 996 1942 1040; x_wconf 89' lang='lat' dir='ltr'>de</span> 
     </span>
     <span class='ocr_line' id='line_1_14' title="bbox 112 1052 1940 1111; baseline 0 -14"><span class='ocrx_word' id='word_1_135' title='bbox 112 1055 205 1097; x_wconf 78' lang='lat' dir='ltr'>viro</span> <span class='ocrx_word' id='word_1_136' title='bbox 233 1053 427 1111; x_wconf 81' lang='lat' dir='ltr'>aegyptio</span> <span class='ocrx_word' id='word_1_137' title='bbox 453 1054 568 1096; x_wconf 80' lang='lat' dir='ltr'>intel</span> <span class='ocrx_word' id='word_1_138' title='bbox 590 1053 703 1096; x_wconf 90' lang='lat' dir='ltr'>filios</span> <span class='ocrx_word' id='word_1_139' title='bbox 730 1052 889 1109; x_wconf 86' lang='lat' dir='ltr'>Israel,</span> <span class='ocrx_word' id='word_1_140' title='bbox 917 1052 1121 1110; x_wconf 79' lang='lat' dir='ltr'>jurgatus</span> <span class='ocrx_word' id='word_1_141' title='bbox 1148 1059 1213 1096; x_wconf 88' lang='lat' dir='ltr'>est</span> <span class='ocrx_word' id='word_1_142' title='bbox 1234 1053 1281 1096; x_wconf 91' lang='lat' dir='ltr'>in</span> <span class='ocrx_word' id='word_1_143' title='bbox 1304 1053 1458 1096; x_wconf 88' lang='lat' dir='ltr'>castris</span> <span class='ocrx_word' id='word_1_144' title='bbox 1481 1068 1582 1096; x_wconf 91' lang='lat' dir='ltr'>cum</span> <span class='ocrx_word' id='word_1_145' title='bbox 1607 1054 1698 1097; x_wconf 79' lang='lat' dir='ltr'>vilo</span> <span class='ocrx_word' id='word_1_146' title='bbox 1719 1053 1940 1110; x_wconf 87' lang='lat' dir='ltr'>israelita;</span> 
     </span>
     <span class='ocr_line' id='line_1_15' title="bbox 116 1088 1943 1169; baseline 0.001 -13"><span class='ocrx_word' id='word_1_147' title='bbox 116 1113 145 1139; x_wconf 83' lang='lat'>¹¹</span> <span class='ocrx_word' id='word_1_148' title='bbox 177 1127 364 1169; x_wconf 86' lang='lat' dir='ltr'>cumque</span> <span class='ocrx_word' id='word_1_149' title='bbox 397 1112 752 1169; x_wconf 79' lang='lat' dir='ltr'>blasphemasset</span> <span class='ocrx_word' id='word_1_150' title='bbox 788 1088 969 1168; x_wconf 82' lang='grc'>000100,</span> <span class='ocrx_word' id='word_1_151' title='bbox 1005 1117 1048 1155; x_wconf 86' lang='lat' dir='ltr'>et</span> <span class='ocrx_word' id='word_1_152' title='bbox 1081 1112 1385 1155; x_wconf 75' lang='lat' dir='ltr'>maledixisset</span> <span class='ocrx_word' id='word_1_153' title='bbox 1423 1112 1483 1167; x_wconf 90' lang='lat' dir='ltr'>ei,</span> <span class='ocrx_word' id='word_1_154' title='bbox 1520 1112 1740 1156; x_wconf 89' lang='lat' dir='ltr'>adductus</span> <span class='ocrx_word' id='word_1_155' title='bbox 1782 1118 1846 1156; x_wconf 91' lang='lat' dir='ltr'>est</span> <span class='ocrx_word' id='word_1_156' title='bbox 1886 1092 1943 1157; x_wconf 88' lang='lat' dir='ltr'>ad</span> 
     </span>
     <span class='ocr_line' id='line_1_16' title="bbox 113 1147 1943 1229; baseline 0 -14"><span class='ocrx_word' id='word_1_157' title='bbox 113 1173 309 1228; x_wconf 82' lang='lat' dir='ltr'>Moysen.</span> <span class='ocrx_word' id='word_1_158' title='bbox 346 1172 625 1229; x_wconf 89' lang='lat' dir='ltr'>(Vocabatur</span> <span class='ocrx_word' id='word_1_159' title='bbox 658 1176 808 1214; x_wconf 88' lang='lat' dir='ltr'>autem</span> <span class='ocrx_word' id='word_1_160' title='bbox 846 1177 987 1215; x_wconf 87' lang='lat' dir='ltr'>mater</span> <span class='ocrx_word' id='word_1_161' title='bbox 1023 1171 1119 1227; x_wconf 83' lang='lat' dir='ltr'>ejus</span> <span class='ocrx_word' id='word_1_162' title='bbox 1160 1171 1401 1227; x_wconf 82' lang='lat' dir='ltr'>Salumith,</span> <span class='ocrx_word' id='word_1_163' title='bbox 1435 1147 1526 1214; x_wconf 79' lang='lat' dir='ltr'>fil’ia</span> <span class='ocrx_word' id='word_1_164' title='bbox 1566 1171 1703 1215; x_wconf 88' lang='lat' dir='ltr'>Dabri</span> <span class='ocrx_word' id='word_1_165' title='bbox 1739 1172 1792 1215; x_wconf 90' lang='lat' dir='ltr'>de</span> <span class='ocrx_word' id='word_1_166' title='bbox 1826 1173 1943 1216; x_wconf 89' lang='lat' dir='ltr'>tribu</span> 
     </span>
     <span class='ocr_line' id='line_1_17' title="bbox 114 1230 1942 1291; baseline 0.001 -17"><span class='ocrx_word' id='word_1_167' title='bbox 114 1230 242 1291; x_wconf 81' lang='lat' dir='ltr'>Dan.)</span> <span class='ocrx_word' id='word_1_168' title='bbox 272 1230 307 1256; x_wconf 68' lang='lat'>&#39;¹2</span> <span class='ocrx_word' id='word_1_169' title='bbox 328 1231 632 1286; x_wconf 88' lang='lat' dir='ltr'>Miseruntque</span> <span class='ocrx_word' id='word_1_170' title='bbox 666 1244 767 1273; x_wconf 89' lang='lat' dir='ltr'>eum</span> <span class='ocrx_word' id='word_1_171' title='bbox 799 1231 845 1273; x_wconf 89' lang='lat' dir='ltr'>in</span> <span class='ocrx_word' id='word_1_172' title='bbox 880 1244 1120 1286; x_wconf 83' lang='lat' dir='ltr'>carcerem,</span> <span class='ocrx_word' id='word_1_173' title='bbox 1145 1231 1284 1274; x_wconf 86' lang='lat' dir='ltr'>donec</span> <span class='ocrx_word' id='word_1_174' title='bbox 1318 1235 1496 1273; x_wconf 83' lang='lat' dir='ltr'>nossent</span> <span class='ocrx_word' id='word_1_175' title='bbox 1521 1230 1625 1286; x_wconf 88' lang='lat' dir='ltr'>quid</span> <span class='ocrx_word' id='word_1_176' title='bbox 1654 1231 1828 1287; x_wconf 86' lang='lat' dir='ltr'>juberet</span> <span class='ocrx_word' id='word_1_177' title='bbox 1856 1233 1942 1275; x_wconf 90' lang='lat' dir='ltr'>Do-</span> 
     </span>
     <span class='ocr_line' id='line_1_18' title="bbox 112 1289 1944 1347; baseline 0.001 -15"><span class='ocrx_word' id='word_1_178' title='bbox 112 1290 271 1333; x_wconf 87' lang='lat' dir='ltr'>minus.</span> <span class='ocrx_word' id='word_1_179' title='bbox 300 1289 335 1316; x_wconf 82' lang='lat'>¹3</span> <span class='ocrx_word' id='word_1_180' title='bbox 360 1289 442 1340; x_wconf 82' lang='lat' dir='ltr'>Qui</span> <span class='ocrx_word' id='word_1_181' title='bbox 469 1289 641 1333; x_wconf 88' lang='lat' dir='ltr'>locutus</span> <span class='ocrx_word' id='word_1_182' title='bbox 668 1294 734 1333; x_wconf 87' lang='lat' dir='ltr'>est</span> <span class='ocrx_word' id='word_1_183' title='bbox 757 1289 815 1332; x_wconf 90' lang='lat' dir='ltr'>ad</span> <span class='ocrx_word' id='word_1_184' title='bbox 838 1290 1042 1346; x_wconf 88' lang='lat' dir='ltr'>Moysen,</span> <span class='ocrx_word' id='word_1_185' title='bbox 1067 1289 1102 1315; x_wconf 75' lang='lat'>¹4</span> <span class='ocrx_word' id='word_1_186' title='bbox 1124 1289 1275 1333; x_wconf 85' lang='lat' dir='ltr'>dicens</span> <span class='ocrx_word' id='word_1_187' title='bbox 1302 1306 1309 1333; x_wconf 92' lang='lat'>:</span> <span class='ocrx_word' id='word_1_188' title='bbox 1333 1289 1458 1333; x_wconf 89' lang='lat' dir='ltr'>Educ</span> <span class='ocrx_word' id='word_1_189' title='bbox 1484 1289 1795 1347; x_wconf 89' lang='lat' dir='ltr'>blasphemum</span> <span class='ocrx_word' id='word_1_190' title='bbox 1821 1295 1944 1334; x_wconf 81' lang='lat' dir='ltr'>extra</span> 
     </span>
     <span class='ocr_line' id='line_1_19' title="bbox 112 1348 1945 1406; baseline 0 -14"><span class='ocrx_word' id='word_1_191' title='bbox 112 1354 275 1405; x_wconf 87' lang='lat' dir='ltr'>castra,</span> <span class='ocrx_word' id='word_1_192' title='bbox 300 1354 343 1392; x_wconf 93' lang='lat' dir='ltr'>et</span> <span class='ocrx_word' id='word_1_193' title='bbox 365 1353 532 1406; x_wconf 88' lang='lat' dir='ltr'>ponant</span> <span class='ocrx_word' id='word_1_194' title='bbox 554 1362 706 1392; x_wconf 90' lang='lat' dir='ltr'>omnes</span> <span class='ocrx_word' id='word_1_195' title='bbox 737 1348 808 1405; x_wconf 89' lang='lat' dir='ltr'>qui</span> <span class='ocrx_word' id='word_1_196' title='bbox 843 1348 1080 1391; x_wconf 90' lang='lat' dir='ltr'>audierunt</span> <span class='ocrx_word' id='word_1_197' title='bbox 1113 1363 1269 1391; x_wconf 88' lang='lat' dir='ltr'>manus</span> <span class='ocrx_word' id='word_1_198' title='bbox 1299 1362 1400 1391; x_wconf 90' lang='lat' dir='ltr'>suas</span> <span class='ocrx_word' id='word_1_199' title='bbox 1434 1363 1563 1406; x_wconf 73' lang='lat' dir='ltr'>super</span> <span class='ocrx_word' id='word_1_200' title='bbox 1596 1354 1730 1406; x_wconf 90' lang='lat' dir='ltr'>caput</span> <span class='ocrx_word' id='word_1_201' title='bbox 1756 1349 1874 1406; x_wconf 81' lang='lat' dir='ltr'>ejus,</span> <span class='ocrx_word' id='word_1_202' title='bbox 1902 1355 1945 1393; x_wconf 91' lang='lat' dir='ltr'>et</span> 
     </span>
     <span class='ocr_line' id='line_1_20' title="bbox 112 1407 1943 1465; baseline 0.001 -15"><span class='ocrx_word' id='word_1_203' title='bbox 112 1408 281 1465; x_wconf 85' lang='lat' dir='ltr'>lapidet</span> <span class='ocrx_word' id='word_1_204' title='bbox 306 1422 407 1452; x_wconf 90' lang='lat' dir='ltr'>eum</span> <span class='ocrx_word' id='word_1_205' title='bbox 429 1407 616 1464; x_wconf 90' lang='lat' dir='ltr'>populus</span> <span class='ocrx_word' id='word_1_206' title='bbox 643 1407 886 1450; x_wconf 86' lang='lat' dir='ltr'>universus.</span> <span class='ocrx_word' id='word_1_207' title='bbox 915 1407 950 1434; x_wconf 81' lang='lat'>¹5</span> <span class='ocrx_word' id='word_1_208' title='bbox 970 1409 1027 1450; x_wconf 88' lang='lat' dir='ltr'>Et</span> <span class='ocrx_word' id='word_1_209' title='bbox 1050 1407 1106 1450; x_wconf 88' lang='lat' dir='ltr'>ad</span> <span class='ocrx_word' id='word_1_210' title='bbox 1129 1407 1241 1450; x_wconf 89' lang='lat' dir='ltr'>filios</span> <span class='ocrx_word' id='word_1_211' title='bbox 1266 1407 1405 1451; x_wconf 91' lang='lat' dir='ltr'>Israel</span> <span class='ocrx_word' id='word_1_212' title='bbox 1427 1407 1616 1463; x_wconf 88' lang='lat' dir='ltr'>loqueris</span> <span class='ocrx_word' id='word_1_213' title='bbox 1643 1425 1651 1452; x_wconf 92' lang='lat'>:</span> <span class='ocrx_word' id='word_1_214' title='bbox 1679 1409 1848 1464; x_wconf 90' lang='lat' dir='ltr'>Homo,</span> <span class='ocrx_word' id='word_1_215' title='bbox 1871 1409 1943 1465; x_wconf 90' lang='lat' dir='ltr'>qui</span> 
     </span>
     <span class='ocr_line' id='line_1_21' title="bbox 113 1466 1944 1524; baseline 0.001 -15"><span class='ocrx_word' id='word_1_216' title='bbox 113 1466 392 1511; x_wconf 83' lang='lat' dir='ltr'>maledixerit</span> <span class='ocrx_word' id='word_1_217' title='bbox 425 1468 519 1510; x_wconf 91' lang='lat' dir='ltr'>Deo</span> <span class='ocrx_word' id='word_1_218' title='bbox 543 1481 643 1521; x_wconf 91' lang='lat' dir='ltr'>suo,</span> <span class='ocrx_word' id='word_1_219' title='bbox 667 1466 861 1522; x_wconf 89' lang='lat' dir='ltr'>portabit</span> <span class='ocrx_word' id='word_1_220' title='bbox 887 1471 1120 1524; x_wconf 87' lang='lat' dir='ltr'>peceatum</span> <span class='ocrx_word' id='word_1_221' title='bbox 1145 1481 1302 1521; x_wconf 77' lang='grc' dir='ltr'>3001ος</span> <span class='ocrx_word' id='word_1_222' title='bbox 1341 1466 1376 1493; x_wconf 79' lang='grc'>16</span> <span class='ocrx_word' id='word_1_223' title='bbox 1398 1471 1441 1509; x_wconf 90' lang='lat' dir='ltr'>et</span> <span class='ocrx_word' id='word_1_224' title='bbox 1462 1466 1535 1522; x_wconf 90' lang='lat' dir='ltr'>qui</span> <span class='ocrx_word' id='word_1_225' title='bbox 1568 1466 1944 1523; x_wconf 85' lang='lat' dir='ltr'>blasphemaverit</span> 
     </span>
     <span class='ocr_line' id='line_1_22' title="bbox 111 1524 1942 1582; baseline 0 -13"><span class='ocrx_word' id='word_1_226' title='bbox 111 1540 270 1569; x_wconf 87' lang='lat' dir='ltr'>nomen</span> <span class='ocrx_word' id='word_1_227' title='bbox 298 1525 501 1581; x_wconf 86' lang='lat' dir='ltr'>Domini,</span> <span class='ocrx_word' id='word_1_228' title='bbox 528 1530 668 1568; x_wconf 90' lang='lat' dir='ltr'>morte</span> <span class='ocrx_word' id='word_1_229' title='bbox 701 1525 916 1568; x_wconf 88' lang='lat' dir='ltr'>moriatur</span> <span class='ocrx_word' id='word_1_230' title='bbox 944 1542 952 1569; x_wconf 92' lang='lat'>:</span> <span class='ocrx_word' id='word_1_231' title='bbox 986 1524 1209 1581; x_wconf 89' lang='lat' dir='ltr'>lapidibus</span> <span class='ocrx_word' id='word_1_232' title='bbox 1245 1525 1462 1582; x_wconf 87' lang='lat' dir='ltr'>opprimet</span> <span class='ocrx_word' id='word_1_233' title='bbox 1489 1540 1589 1568; x_wconf 90' lang='lat' dir='ltr'>eum</span> <span class='ocrx_word' id='word_1_234' title='bbox 1622 1525 1764 1568; x_wconf 89' lang='lat' dir='ltr'>omnis</span> <span class='ocrx_word' id='word_1_235' title='bbox 1795 1527 1942 1569; x_wconf 88' lang='lat' dir='ltr'>multi-</span> 
     </span>
     <span class='ocr_line' id='line_1_23' title="bbox 110 1583 1943 1641; baseline 0.001 -14"><span class='ocrx_word' id='word_1_236' title='bbox 110 1585 236 1640; x_wconf 90' lang='lat' dir='ltr'>tudo,</span> <span class='ocrx_word' id='word_1_237' title='bbox 267 1584 360 1628; x_wconf 91' lang='lat' dir='ltr'>sive</span> <span class='ocrx_word' id='word_1_238' title='bbox 389 1584 465 1627; x_wconf 91' lang='lat' dir='ltr'>ille</span> <span class='ocrx_word' id='word_1_239' title='bbox 500 1584 630 1640; x_wconf 87' lang='lat' dir='ltr'>civis,</span> <span class='ocrx_word' id='word_1_240' title='bbox 660 1584 754 1627; x_wconf 87' lang='lat' dir='ltr'>sive</span> <span class='ocrx_word' id='word_1_241' title='bbox 787 1585 1043 1641; x_wconf 90' lang='lat' dir='ltr'>peregrinus</span> <span class='ocrx_word' id='word_1_242' title='bbox 1079 1584 1229 1628; x_wconf 79' lang='lat' dir='ltr'>fuerit.</span> <span class='ocrx_word' id='word_1_243' title='bbox 1261 1583 1343 1635; x_wconf 83' lang='lat' dir='ltr'>Qui</span> <span class='ocrx_word' id='word_1_244' title='bbox 1372 1584 1750 1641; x_wconf 83' lang='lat' dir='ltr'>blasphemaverit</span> <span class='ocrx_word' id='word_1_245' title='bbox 1784 1599 1943 1629; x_wconf 89' lang='lat' dir='ltr'>nomen</span> 
     </span>
     <span class='ocr_line' id='line_1_24' title="bbox 113 1642 1944 1700; baseline 0.001 -13"><span class='ocrx_word' id='word_1_246' title='bbox 113 1644 313 1699; x_wconf 88' lang='lat' dir='ltr'>Domini,</span> <span class='ocrx_word' id='word_1_247' title='bbox 340 1648 480 1686; x_wconf 88' lang='lat' dir='ltr'>morte</span> <span class='ocrx_word' id='word_1_248' title='bbox 507 1643 732 1686; x_wconf 89' lang='lat' dir='ltr'>moriatur.</span> <span class='ocrx_word' id='word_1_249' title='bbox 761 1642 794 1669; x_wconf 83' lang='lat'>¹7</span> <span class='ocrx_word' id='word_1_250' title='bbox 819 1643 902 1694; x_wconf 87' lang='lat' dir='ltr'>Qui</span> <span class='ocrx_word' id='word_1_251' title='bbox 924 1643 1207 1700; x_wconf 88' lang='lat' dir='ltr'>percusserit,</span> <span class='ocrx_word' id='word_1_252' title='bbox 1236 1648 1279 1686; x_wconf 89' lang='lat' dir='ltr'>et</span> <span class='ocrx_word' id='word_1_253' title='bbox 1301 1643 1513 1686; x_wconf 86' lang='lat' dir='ltr'>occiderit</span> <span class='ocrx_word' id='word_1_254' title='bbox 1534 1643 1780 1699; x_wconf 89' lang='lat' dir='ltr'>hominem,</span> <span class='ocrx_word' id='word_1_255' title='bbox 1806 1652 1944 1688; x_wconf 88' lang='lat' dir='ltr'>morte</span> 
     </span>
     <span class='ocr_line' id='line_1_25' title="bbox 111 1702 1943 1761; baseline 0.001 -16"><span class='ocrx_word' id='word_1_256' title='bbox 111 1703 333 1746; x_wconf 87' lang='lat' dir='ltr'>moriatur.</span> <span class='ocrx_word' id='word_1_257' title='bbox 364 1702 397 1729; x_wconf 79' lang='grc'>18</span> <span class='ocrx_word' id='word_1_258' title='bbox 420 1702 503 1753; x_wconf 86' lang='lat' dir='ltr'>Qui</span> <span class='ocrx_word' id='word_1_259' title='bbox 525 1702 789 1759; x_wconf 88' lang='lat' dir='ltr'>percusserit</span> <span class='ocrx_word' id='word_1_260' title='bbox 811 1702 999 1758; x_wconf 88' lang='lat' dir='ltr'>animal,</span> <span class='ocrx_word' id='word_1_261' title='bbox 1026 1702 1181 1745; x_wconf 89' lang='lat' dir='ltr'>reddet</span> <span class='ocrx_word' id='word_1_262' title='bbox 1204 1702 1442 1758; x_wconf 88' lang='lat' dir='ltr'>vicarium,</span> <span class='ocrx_word' id='word_1_263' title='bbox 1468 1702 1515 1745; x_wconf 93' lang='lat' dir='ltr'>id</span> <span class='ocrx_word' id='word_1_264' title='bbox 1538 1707 1623 1759; x_wconf 89' lang='lat' dir='ltr'>est,</span> <span class='ocrx_word' id='word_1_265' title='bbox 1646 1703 1845 1746; x_wconf 88' lang='lat' dir='ltr'>animam</span> <span class='ocrx_word' id='word_1_266' title='bbox 1868 1718 1943 1761; x_wconf 90' lang='lat' dir='ltr'>pro</span> 
     </span>
     <span class='ocr_line' id='line_1_26' title="bbox 107 1761 1943 1818; baseline 0 -14"><span class='ocrx_word' id='word_1_267' title='bbox 107 1763 271 1805; x_wconf 82' lang='lat' dir='ltr'>anima.</span> <span class='ocrx_word' id='word_1_268' title='bbox 300 1761 336 1787; x_wconf 76' lang='grc'>19</span> <span class='ocrx_word' id='word_1_269' title='bbox 358 1762 440 1812; x_wconf 85' lang='lat' dir='ltr'>Qui</span> <span class='ocrx_word' id='word_1_270' title='bbox 470 1761 734 1817; x_wconf 83' lang='lat' dir='ltr'>irrogaverit</span> <span class='ocrx_word' id='word_1_271' title='bbox 768 1762 992 1804; x_wconf 88' lang='lat' dir='ltr'>maculam</span> <span class='ocrx_word' id='word_1_272' title='bbox 1026 1761 1208 1805; x_wconf 90' lang='lat' dir='ltr'>cuilibet</span> <span class='ocrx_word' id='word_1_273' title='bbox 1244 1761 1409 1804; x_wconf 83' lang='lat' dir='ltr'>civium</span> <span class='ocrx_word' id='word_1_274' title='bbox 1438 1775 1636 1818; x_wconf 90' lang='lat' dir='ltr'>suorum,</span> <span class='ocrx_word' id='word_1_275' title='bbox 1668 1762 1783 1805; x_wconf 90' lang='lat' dir='ltr'>sicut</span> <span class='ocrx_word' id='word_1_276' title='bbox 1812 1763 1943 1818; x_wconf 74' lang='lat' dir='ltr'>fecit,</span> 
     </span>
     <span class='ocr_line' id='line_1_27' title="bbox 108 1819 1943 1879; baseline 0.001 -15"><span class='ocrx_word' id='word_1_277' title='bbox 108 1821 170 1864; x_wconf 89' lang='grc'>310</span> <span class='ocrx_word' id='word_1_278' title='bbox 209 1821 283 1864; x_wconf 90' lang='lat' dir='ltr'>fiet</span> <span class='ocrx_word' id='word_1_279' title='bbox 319 1821 357 1864; x_wconf 91' lang='grc'>01</span> <span class='ocrx_word' id='word_1_280' title='bbox 391 1837 399 1864; x_wconf 93' lang='lat'><strong>:</strong></span> <span class='ocrx_word' id='word_1_281' title='bbox 434 1819 470 1846; x_wconf 71' lang='lat'>²⁰</span> <span class='ocrx_word' id='word_1_282' title='bbox 497 1820 745 1864; x_wconf 72' lang='lat' dir='ltr'>fracturam</span> <span class='ocrx_word' id='word_1_283' title='bbox 771 1834 849 1877; x_wconf 89' lang='lat' dir='ltr'>pro</span> <span class='ocrx_word' id='word_1_284' title='bbox 881 1819 1100 1876; x_wconf 80' lang='lat' dir='ltr'>fractura,</span> <span class='ocrx_word' id='word_1_285' title='bbox 1135 1820 1314 1864; x_wconf 89' lang='lat' dir='ltr'>oculum</span> <span class='ocrx_word' id='word_1_286' title='bbox 1350 1835 1426 1878; x_wconf 90' lang='lat' dir='ltr'>pro</span> <span class='ocrx_word' id='word_1_287' title='bbox 1466 1821 1612 1875; x_wconf 91' lang='lat' dir='ltr'>oculo,</span> <span class='ocrx_word' id='word_1_288' title='bbox 1646 1821 1826 1864; x_wconf 89' lang='lat' dir='ltr'>dentem</span> <span class='ocrx_word' id='word_1_289' title='bbox 1868 1837 1943 1879; x_wconf 91' lang='lat' dir='ltr'>pro</span> 
     </span>
     <span class='ocr_line' id='line_1_28' title="bbox 108 1879 1943 1936; baseline 0.001 -14"><span class='ocrx_word' id='word_1_290' title='bbox 108 1880 239 1923; x_wconf 90' lang='lat' dir='ltr'>dente</span> <span class='ocrx_word' id='word_1_291' title='bbox 260 1880 463 1923; x_wconf 85' lang='lat' dir='ltr'>restituet</span> <span class='ocrx_word' id='word_1_292' title='bbox 480 1897 488 1935; x_wconf 83' lang='lat'>3</span> <span class='ocrx_word' id='word_1_293' title='bbox 518 1879 694 1935; x_wconf 88' lang='lat' dir='ltr'>qualem</span> <span class='ocrx_word' id='word_1_294' title='bbox 712 1879 925 1923; x_wconf 78' lang='lat' dir='ltr'>inflixerit</span> <span class='ocrx_word' id='word_1_295' title='bbox 944 1880 1180 1935; x_wconf 89' lang='lat' dir='ltr'>maculam,</span> <span class='ocrx_word' id='word_1_296' title='bbox 1201 1879 1338 1923; x_wconf 86' lang='lat' dir='ltr'>talem</span> <span class='ocrx_word' id='word_1_297' title='bbox 1357 1880 1571 1923; x_wconf 88' lang='lat' dir='ltr'>sustinere</span> <span class='ocrx_word' id='word_1_298' title='bbox 1590 1885 1783 1936; x_wconf 87' lang='lat' dir='ltr'>cogetur.</span> <span class='ocrx_word' id='word_1_299' title='bbox 1807 1880 1841 1907; x_wconf 69' lang='lat'>‘2¹</span> <span class='ocrx_word' id='word_1_300' title='bbox 1862 1881 1943 1932; x_wconf 84' lang='lat' dir='ltr'>Qui</span> 
     </span>
     <span class='ocr_line' id='line_1_29' title="bbox 108 1938 1936 1996; baseline 0.001 -14"><span class='ocrx_word' id='word_1_301' title='bbox 108 1939 370 1995; x_wconf 89' lang='lat' dir='ltr'>percusserit</span> <span class='ocrx_word' id='word_1_302' title='bbox 400 1939 674 1995; x_wconf 83' lang='lat' dir='ltr'>jumentum,</span> <span class='ocrx_word' id='word_1_303' title='bbox 698 1939 854 1982; x_wconf 88' lang='lat' dir='ltr'>reddet</span> <span class='ocrx_word' id='word_1_304' title='bbox 882 1939 1019 1982; x_wconf 90' lang='lat' dir='ltr'>aliud.</span> <span class='ocrx_word' id='word_1_305' title='bbox 1046 1939 1129 1989; x_wconf 81' lang='lat' dir='ltr'>Qui</span> <span class='ocrx_word' id='word_1_306' title='bbox 1155 1938 1418 1996; x_wconf 88' lang='lat' dir='ltr'>percusserit</span> <span class='ocrx_word' id='word_1_307' title='bbox 1451 1939 1698 1996; x_wconf 89' lang='lat' dir='ltr'>hominem,</span> <span class='ocrx_word' id='word_1_308' title='bbox 1722 1940 1936 1996; x_wconf 89' lang='lat' dir='ltr'>punietur.</span> 
     </span>
     <span class='ocr_line' id='line_1_30' title="bbox 107 1997 1936 2056; baseline 0.001 -16"><span class='ocrx_word' id='word_1_309' title='bbox 107 1997 144 2024; x_wconf 66' lang='lat'>&#39;22</span> <span class='ocrx_word' id='word_1_310' title='bbox 169 1999 368 2055; x_wconf 90' lang='lat' dir='ltr'>AEquum</span> <span class='ocrx_word' id='word_1_311' title='bbox 394 1998 614 2054; x_wconf 83' lang='lat' dir='ltr'>judicium</span> <span class='ocrx_word' id='word_1_312' title='bbox 639 1998 698 2040; x_wconf 91' lang='lat' dir='ltr'>sit</span> <span class='ocrx_word' id='word_1_313' title='bbox 726 1997 842 2041; x_wconf 88' lang='lat' dir='ltr'>inter</span> <span class='ocrx_word' id='word_1_314' title='bbox 865 2013 964 2054; x_wconf 87' lang='lat' dir='ltr'>vos,</span> <span class='ocrx_word' id='word_1_315' title='bbox 987 1998 1081 2041; x_wconf 84' lang='lat' dir='ltr'>sive</span> <span class='ocrx_word' id='word_1_316' title='bbox 1110 1998 1388 2055; x_wconf 88' lang='lat' dir='ltr'>peregrinus,</span> <span class='ocrx_word' id='word_1_317' title='bbox 1416 1998 1509 2042; x_wconf 89' lang='lat' dir='ltr'>sive</span> <span class='ocrx_word' id='word_1_318' title='bbox 1535 1998 1644 2042; x_wconf 89' lang='lat' dir='ltr'>civis</span> <span class='ocrx_word' id='word_1_319' title='bbox 1666 1999 1936 2056; x_wconf 81' lang='lat' dir='ltr'>peccaverit3</span> 
     </span>
     <span class='ocr_line' id='line_1_31' title="bbox 108 2056 1943 2114; baseline 0.001 -14"><span class='ocrx_word' id='word_1_320' title='bbox 108 2057 209 2113; x_wconf 88' lang='lat' dir='ltr'>quia</span> <span class='ocrx_word' id='word_1_321' title='bbox 243 2072 324 2113; x_wconf 88' lang='lat' dir='ltr'>ego</span> <span class='ocrx_word' id='word_1_322' title='bbox 359 2072 457 2100; x_wconf 90' lang='lat' dir='ltr'>sum</span> <span class='ocrx_word' id='word_1_323' title='bbox 492 2057 710 2100; x_wconf 88' lang='lat' dir='ltr'>Dominus</span> <span class='ocrx_word' id='word_1_324' title='bbox 745 2058 864 2100; x_wconf 88' lang='lat' dir='ltr'>Deus</span> <span class='ocrx_word' id='word_1_325' title='bbox 894 2062 1051 2101; x_wconf 86' lang='lat' dir='ltr'>vester.</span> <span class='ocrx_word' id='word_1_326' title='bbox 1087 2056 1124 2084; x_wconf 69' lang='lat'>23</span> <span class='ocrx_word' id='word_1_327' title='bbox 1147 2059 1428 2114; x_wconf 86' lang='lat' dir='ltr'>Locutusque</span> <span class='ocrx_word' id='word_1_328' title='bbox 1454 2063 1519 2101; x_wconf 89' lang='lat' dir='ltr'>est</span> <span class='ocrx_word' id='word_1_329' title='bbox 1547 2058 1724 2114; x_wconf 81' lang='lat' dir='ltr'>Moyses</span> <span class='ocrx_word' id='word_1_330' title='bbox 1744 2058 1801 2101; x_wconf 89' lang='lat' dir='ltr'>ad</span> <span class='ocrx_word' id='word_1_331' title='bbox 1831 2058 1943 2102; x_wconf 84' lang='lat' dir='ltr'>filios</span> 
     </span>
     <span class='ocr_line' id='line_1_32' title="bbox 109 2116 1942 2174; baseline 0.002 -16"><span class='ocrx_word' id='word_1_332' title='bbox 109 2116 267 2171; x_wconf 85' lang='lat' dir='ltr'>Israel,</span> <span class='ocrx_word' id='word_1_333' title='bbox 291 2121 334 2159; x_wconf 94' lang='lat' dir='ltr'>et</span> <span class='ocrx_word' id='word_1_334' title='bbox 362 2116 609 2159; x_wconf 79' lang='lat' dir='ltr'>eduxerunt</span> <span class='ocrx_word' id='word_1_335' title='bbox 635 2131 755 2172; x_wconf 92' lang='lat' dir='ltr'>eum,</span> <span class='ocrx_word' id='word_1_336' title='bbox 780 2116 855 2173; x_wconf 89' lang='lat' dir='ltr'>qui</span> <span class='ocrx_word' id='word_1_337' title='bbox 879 2117 1289 2174; x_wconf 88' lang='lat' dir='ltr'>blasphemaverat,</span> <span class='ocrx_word' id='word_1_338' title='bbox 1313 2122 1436 2160; x_wconf 81' lang='lat' dir='ltr'>extra</span> <span class='ocrx_word' id='word_1_339' title='bbox 1463 2122 1626 2171; x_wconf 87' lang='lat' dir='ltr'>eastra,</span> <span class='ocrx_word' id='word_1_340' title='bbox 1646 2132 1698 2161; x_wconf 90' lang='lat' dir='ltr'>ac</span> <span class='ocrx_word' id='word_1_341' title='bbox 1720 2117 1942 2174; x_wconf 88' lang='lat' dir='ltr'>lapidibus</span> 
     </span>
     <span class='ocr_line' id='line_1_33' title="bbox 107 2176 1893 2233; baseline 0.001 -15"><span class='ocrx_word' id='word_1_342' title='bbox 107 2180 446 2232; x_wconf 83' lang='lat' dir='ltr'>oppresserunt3</span> <span class='ocrx_word' id='word_1_343' title='bbox 474 2176 764 2231; x_wconf 77' lang='lat' dir='ltr'>feceruntque</span> <span class='ocrx_word' id='word_1_344' title='bbox 790 2176 870 2218; x_wconf 90' lang='lat' dir='ltr'>filii</span> <span class='ocrx_word' id='word_1_345' title='bbox 897 2176 1036 2219; x_wconf 87' lang='lat' dir='ltr'>Israel</span> <span class='ocrx_word' id='word_1_346' title='bbox 1059 2176 1174 2219; x_wconf 91' lang='lat' dir='ltr'>sicut</span> <span class='ocrx_word' id='word_1_347' title='bbox 1195 2181 1466 2233; x_wconf 80' lang='lat' dir='ltr'>praeceperat</span> <span class='ocrx_word' id='word_1_348' title='bbox 1494 2176 1711 2219; x_wconf 85' lang='lat' dir='ltr'>Dominus</span> <span class='ocrx_word' id='word_1_349' title='bbox 1737 2176 1893 2233; x_wconf 77' lang='lat' dir='ltr'>Moysi.</span> 
     </span>
    </p>
   </div>
   <div class='ocr_carea' id='block_1_3' title="bbox 371 2314 1674 2372">
    <p class='ocr_par' dir='ltr' id='par_1_3' title="bbox 371 2314 1674 2372">
     <span class='ocr_line' id='line_1_34' title="bbox 371 2314 1674 2372; baseline 0.002 -15"><span class='ocrx_word' id='word_1_350' title='bbox 371 2317 393 2369; x_wconf 65' lang='grc' dir='ltr'>ξ</span> <span class='ocrx_word' id='word_1_351' title='bbox 417 2315 472 2357; x_wconf 90' lang='lat' dir='ltr'>V.</span> <span class='ocrx_word' id='word_1_352' title='bbox 499 2339 557 2348; x_wconf 90' lang='lat'>--</span> <span class='ocrx_word' id='word_1_353' title='bbox 589 2314 891 2367; x_wconf 74' lang='lat' dir='ltr'>Sanctificatio</span> <span class='ocrx_word' id='word_1_354' title='bbox 917 2317 1023 2358; x_wconf 80' lang='lat' dir='ltr'>anni</span> <span class='ocrx_word' id='word_1_355' title='bbox 1046 2316 1219 2372; x_wconf 72' lang='lat' dir='ltr'>septimi</span> <span class='ocrx_word' id='word_1_356' title='bbox 1243 2322 1284 2359; x_wconf 80' lang='lat' dir='ltr'>et</span> <span class='ocrx_word' id='word_1_357' title='bbox 1304 2317 1674 2372; x_wconf 69' lang='lat' dir='ltr'>quinquayesimi.</span> 
     </span>
    </p>
   </div>
   <div class='ocr_carea' id='block_1_4' title="bbox 106 2437 1941 3558">
    <p class='ocr_par' dir='ltr' id='par_1_4' title="bbox 106 2437 1941 3085">
     <span class='ocr_line' id='line_1_35' title="bbox 166 2437 1940 2495; baseline 0 -14"><span class='ocrx_word' id='word_1_358' title='bbox 166 2438 271 2481; x_wconf 77' lang='lat' dir='ltr'>CAP.</span> <span class='ocrx_word' id='word_1_359' title='bbox 306 2438 451 2480; x_wconf 88' lang='lat' dir='ltr'>XXV.</span> <span class='ocrx_word' id='word_1_360' title='bbox 481 2464 538 2469; x_wconf 89' lang='lat'>—-</span> <span class='ocrx_word' id='word_1_361' title='bbox 564 2437 576 2463; x_wconf 89' lang='lat'><strong>¹</strong></span> <span class='ocrx_word' id='word_1_362' title='bbox 606 2439 888 2494; x_wconf 88' lang='lat' dir='ltr'>Locutusque</span> <span class='ocrx_word' id='word_1_363' title='bbox 915 2443 980 2481; x_wconf 88' lang='lat' dir='ltr'>est</span> <span class='ocrx_word' id='word_1_364' title='bbox 1007 2438 1224 2482; x_wconf 89' lang='lat' dir='ltr'>Dominus</span> <span class='ocrx_word' id='word_1_365' title='bbox 1250 2439 1307 2481; x_wconf 91' lang='lat' dir='ltr'>ad</span> <span class='ocrx_word' id='word_1_366' title='bbox 1333 2439 1519 2495; x_wconf 87' lang='lat' dir='ltr'>Moysen</span> <span class='ocrx_word' id='word_1_367' title='bbox 1551 2439 1597 2481; x_wconf 91' lang='lat' dir='ltr'>in</span> <span class='ocrx_word' id='word_1_368' title='bbox 1624 2444 1772 2482; x_wconf 88' lang='lat' dir='ltr'>monte</span> <span class='ocrx_word' id='word_1_369' title='bbox 1797 2439 1940 2494; x_wconf 83' lang='lat' dir='ltr'>Sinai,</span> 
     </span>
     <span class='ocr_line' id='line_1_36' title="bbox 108 2495 1941 2553; baseline 0.001 -14"><span class='ocrx_word' id='word_1_370' title='bbox 108 2496 258 2540; x_wconf 84' lang='lat' dir='ltr'>dicens</span> <span class='ocrx_word' id='word_1_371' title='bbox 292 2513 301 2540; x_wconf 90' lang='lat'>:</span> <span class='ocrx_word' id='word_1_372' title='bbox 329 2495 346 2522; x_wconf 77' lang='lat'>&#39;2</span> <span class='ocrx_word' id='word_1_373' title='bbox 364 2497 565 2553; x_wconf 90' lang='lat' dir='ltr'>Loquere</span> <span class='ocrx_word' id='word_1_374' title='bbox 590 2496 692 2539; x_wconf 89' lang='lat' dir='ltr'>filiis</span> <span class='ocrx_word' id='word_1_375' title='bbox 718 2496 878 2551; x_wconf 89' lang='lat' dir='ltr'>Israel,</span> <span class='ocrx_word' id='word_1_376' title='bbox 907 2502 949 2540; x_wconf 89' lang='lat' dir='ltr'>et</span> <span class='ocrx_word' id='word_1_377' title='bbox 975 2497 1094 2540; x_wconf 86' lang='lat' dir='ltr'>dices</span> <span class='ocrx_word' id='word_1_378' title='bbox 1118 2497 1175 2540; x_wconf 90' lang='lat' dir='ltr'>ad</span> <span class='ocrx_word' id='word_1_379' title='bbox 1203 2512 1275 2541; x_wconf 91' lang='lat' dir='ltr'>eos</span> <span class='ocrx_word' id='word_1_380' title='bbox 1310 2514 1319 2541; x_wconf 71' lang='grc' dir='ltr'>ε</span> <span class='ocrx_word' id='word_1_381' title='bbox 1345 2498 1527 2548; x_wconf 82' lang='lat' dir='ltr'>Quando</span> <span class='ocrx_word' id='word_1_382' title='bbox 1553 2498 1739 2553; x_wconf 89' lang='lat' dir='ltr'>ingressi</span> <span class='ocrx_word' id='word_1_383' title='bbox 1765 2498 1941 2540; x_wconf 74' lang='lat' dir='ltr'>fueritis</span> 
     </span>
     <span class='ocr_line' id='line_1_37' title="bbox 107 2555 1940 2612; baseline 0.001 -14"><span class='ocrx_word' id='word_1_384' title='bbox 107 2568 269 2598; x_wconf 82' lang='lat' dir='ltr'>terram</span> <span class='ocrx_word' id='word_1_385' title='bbox 295 2570 428 2611; x_wconf 88' lang='lat' dir='ltr'>quam</span> <span class='ocrx_word' id='word_1_386' title='bbox 457 2570 538 2612; x_wconf 90' lang='lat' dir='ltr'>ego</span> <span class='ocrx_word' id='word_1_387' title='bbox 566 2556 680 2599; x_wconf 89' lang='lat' dir='ltr'>dabo</span> <span class='ocrx_word' id='word_1_388' title='bbox 706 2555 854 2611; x_wconf 89' lang='lat' dir='ltr'>vobis,</span> <span class='ocrx_word' id='word_1_389' title='bbox 888 2556 1138 2599; x_wconf 87' lang='lat' dir='ltr'>sabbatizes</span> <span class='ocrx_word' id='word_1_390' title='bbox 1164 2556 1402 2599; x_wconf 89' lang='lat' dir='ltr'>sabbatum</span> <span class='ocrx_word' id='word_1_391' title='bbox 1437 2557 1641 2600; x_wconf 90' lang='lat' dir='ltr'>Domino.</span> <span class='ocrx_word' id='word_1_392' title='bbox 1668 2557 1788 2600; x_wconf 75' lang='lat' dir='ltr'>3Sex</span> <span class='ocrx_word' id='word_1_393' title='bbox 1813 2556 1940 2599; x_wconf 86' lang='lat' dir='ltr'>annis</span> 
     </span>
     <span class='ocr_line' id='line_1_38' title="bbox 106 2615 1941 2672; baseline 0.001 -15"><span class='ocrx_word' id='word_1_394' title='bbox 106 2629 222 2658; x_wconf 90' lang='lat' dir='ltr'>seres</span> <span class='ocrx_word' id='word_1_395' title='bbox 262 2629 420 2670; x_wconf 87' lang='lat' dir='ltr'>agrum</span> <span class='ocrx_word' id='word_1_396' title='bbox 462 2619 610 2670; x_wconf 90' lang='lat' dir='ltr'>tuum,</span> <span class='ocrx_word' id='word_1_397' title='bbox 661 2620 704 2658; x_wconf 89' lang='lat' dir='ltr'>et</span> <span class='ocrx_word' id='word_1_398' title='bbox 744 2629 822 2658; x_wconf 82' lang='lat' dir='ltr'>sex</span> <span class='ocrx_word' id='word_1_399' title='bbox 862 2615 990 2658; x_wconf 89' lang='lat' dir='ltr'>annis</span> <span class='ocrx_word' id='word_1_400' title='bbox 1038 2615 1216 2672; x_wconf 87' lang='lat' dir='ltr'>putabis</span> <span class='ocrx_word' id='word_1_401' title='bbox 1256 2615 1434 2658; x_wconf 87' lang='lat' dir='ltr'>vineam</span> <span class='ocrx_word' id='word_1_402' title='bbox 1475 2621 1620 2671; x_wconf 88' lang='lat' dir='ltr'>tuam,</span> <span class='ocrx_word' id='word_1_403' title='bbox 1672 2616 1941 2672; x_wconf 84' lang='lat' dir='ltr'>colligesque</span> 
     </span>
     <span class='ocr_line' id='line_1_39' title="bbox 106 2674 1940 2731; baseline 0.001 -15"><span class='ocrx_word' id='word_1_404' title='bbox 106 2674 280 2717; x_wconf 76' lang='lat' dir='ltr'>fructus</span> <span class='ocrx_word' id='word_1_405' title='bbox 319 2674 446 2730; x_wconf 82' lang='lat' dir='ltr'>ejus3</span> <span class='ocrx_word' id='word_1_406' title='bbox 486 2674 503 2700; x_wconf 80' lang='lat'>4</span> <span class='ocrx_word' id='word_1_407' title='bbox 528 2674 717 2731; x_wconf 86' lang='lat' dir='ltr'>sept-imo</span> <span class='ocrx_word' id='word_1_408' title='bbox 755 2679 906 2717; x_wconf 87' lang='lat' dir='ltr'>autem</span> <span class='ocrx_word' id='word_1_409' title='bbox 938 2688 1055 2717; x_wconf 90' lang='lat' dir='ltr'>anno</span> <span class='ocrx_word' id='word_1_410' title='bbox 1087 2674 1325 2717; x_wconf 87' lang='lat' dir='ltr'>sabbatum</span> <span class='ocrx_word' id='word_1_411' title='bbox 1358 2674 1441 2717; x_wconf 89' lang='lat' dir='ltr'>erit</span> <span class='ocrx_word' id='word_1_412' title='bbox 1474 2680 1622 2730; x_wconf 81' lang='lat' dir='ltr'>terrae,</span> <span class='ocrx_word' id='word_1_413' title='bbox 1655 2675 1940 2731; x_wconf 87' lang='lat' dir='ltr'>requietionis</span> 
     </span>
     <span class='ocr_line' id='line_1_40' title="bbox 109 2733 1940 2791; baseline 0.001 -16"><span class='ocrx_word' id='word_1_414' title='bbox 109 2733 288 2776; x_wconf 89' lang='lat' dir='ltr'>Domini</span> <span class='ocrx_word' id='word_1_415' title='bbox 309 2750 318 2788; x_wconf 81' lang='lat'>3</span> <span class='ocrx_word' id='word_1_416' title='bbox 346 2747 507 2789; x_wconf 89' lang='lat' dir='ltr'>agrum</span> <span class='ocrx_word' id='word_1_417' title='bbox 532 2747 620 2776; x_wconf 91' lang='lat' dir='ltr'>non</span> <span class='ocrx_word' id='word_1_418' title='bbox 646 2747 784 2788; x_wconf 90' lang='lat' dir='ltr'>seres,</span> <span class='ocrx_word' id='word_1_419' title='bbox 820 2739 862 2776; x_wconf 91' lang='lat' dir='ltr'>et</span> <span class='ocrx_word' id='word_1_420' title='bbox 895 2733 1072 2776; x_wconf 82' lang='lat' dir='ltr'>vineam</span> <span class='ocrx_word' id='word_1_421' title='bbox 1107 2747 1194 2776; x_wconf 90' lang='grc'>000</span> <span class='ocrx_word' id='word_1_422' title='bbox 1219 2733 1411 2790; x_wconf 88' lang='lat' dir='ltr'>putabis.</span> <span class='ocrx_word' id='word_1_423' title='bbox 1438 2734 1456 2760; x_wconf 73' lang='lat'>5</span> <span class='ocrx_word' id='word_1_424' title='bbox 1474 2734 1580 2784; x_wconf 85' lang='lat' dir='ltr'>Quae</span> <span class='ocrx_word' id='word_1_425' title='bbox 1604 2740 1761 2791; x_wconf 89' lang='lat' dir='ltr'>sponte</span> <span class='ocrx_word' id='word_1_426' title='bbox 1786 2733 1940 2789; x_wconf 86' lang='lat' dir='ltr'>gignet</span> 
     </span>
     <span class='ocr_line' id='line_1_41' title="bbox 106 2791 1940 2849; baseline 0.001 -15"><span class='ocrx_word' id='word_1_427' title='bbox 106 2792 288 2848; x_wconf 89' lang='lat' dir='ltr'>humus,</span> <span class='ocrx_word' id='word_1_428' title='bbox 330 2807 418 2836; x_wconf 90' lang='lat' dir='ltr'>non</span> <span class='ocrx_word' id='word_1_429' title='bbox 461 2798 632 2848; x_wconf 85' lang='lat' dir='ltr'>metes3</span> <span class='ocrx_word' id='word_1_430' title='bbox 677 2798 720 2836; x_wconf 91' lang='lat' dir='ltr'>et</span> <span class='ocrx_word' id='word_1_431' title='bbox 761 2807 869 2835; x_wconf 87' lang='lat' dir='ltr'>uvas</span> <span class='ocrx_word' id='word_1_432' title='bbox 911 2791 1208 2849; x_wconf 84' lang='lat' dir='ltr'>primitiarum</span> <span class='ocrx_word' id='word_1_433' title='bbox 1247 2796 1423 2835; x_wconf 87' lang='lat' dir='ltr'>tuarum</span> <span class='ocrx_word' id='word_1_434' title='bbox 1470 2805 1560 2836; x_wconf 89' lang='lat' dir='ltr'>non</span> <span class='ocrx_word' id='word_1_435' title='bbox 1600 2793 1781 2848; x_wconf 88' lang='lat' dir='ltr'>colliges</span> <span class='ocrx_word' id='word_1_436' title='bbox 1816 2792 1940 2848; x_wconf 87' lang='grc'>00031</span> 
     </span>
     <span class='ocr_line' id='line_1_42' title="bbox 107 2851 1940 2907; baseline 0.001 -14"><span class='ocrx_word' id='word_1_437' title='bbox 107 2851 410 2895; x_wconf 85' lang='lat' dir='ltr'>vindemiam:</span> <span class='ocrx_word' id='word_1_438' title='bbox 453 2866 595 2894; x_wconf 90' lang='lat' dir='ltr'>annus</span> <span class='ocrx_word' id='word_1_439' title='bbox 637 2851 755 2895; x_wconf 89' lang='lat' dir='ltr'>enim</span> <span class='ocrx_word' id='word_1_440' title='bbox 788 2851 1072 2907; x_wconf 88' lang='lat' dir='ltr'>requietionis</span> <span class='ocrx_word' id='word_1_441' title='bbox 1110 2858 1237 2894; x_wconf 77' lang='lat' dir='ltr'>terrae</span> <span class='ocrx_word' id='word_1_442' title='bbox 1274 2857 1366 2906; x_wconf 89' lang='lat' dir='ltr'>est;</span> <span class='ocrx_word' id='word_1_443' title='bbox 1407 2853 1425 2879; x_wconf 75' lang='lat'><strong>⁶</strong></span> <span class='ocrx_word' id='word_1_444' title='bbox 1448 2855 1524 2897; x_wconf 88' lang='lat' dir='ltr'>sed</span> <span class='ocrx_word' id='word_1_445' title='bbox 1563 2857 1691 2896; x_wconf 89' lang='lat' dir='ltr'>erunt</span> <span class='ocrx_word' id='word_1_446' title='bbox 1729 2852 1855 2895; x_wconf 91' lang='lat' dir='ltr'>vobis</span> <span class='ocrx_word' id='word_1_447' title='bbox 1893 2852 1940 2894; x_wconf 91' lang='lat' dir='ltr'>in</span> 
     </span>
     <span class='ocr_line' id='line_1_43' title="bbox 107 2909 1939 2967; baseline 0.001 -15"><span class='ocrx_word' id='word_1_448' title='bbox 107 2910 278 2966; x_wconf 90' lang='lat' dir='ltr'>cibum,</span> <span class='ocrx_word' id='word_1_449' title='bbox 316 2910 398 2953; x_wconf 90' lang='lat' dir='ltr'>tibi</span> <span class='ocrx_word' id='word_1_450' title='bbox 438 2917 481 2954; x_wconf 86' lang='lat' dir='ltr'>et</span> <span class='ocrx_word' id='word_1_451' title='bbox 521 2925 647 2954; x_wconf 87' lang='lat' dir='ltr'>servo</span> <span class='ocrx_word' id='word_1_452' title='bbox 683 2916 780 2965; x_wconf 93' lang='lat' dir='ltr'>tuo,</span> <span class='ocrx_word' id='word_1_453' title='bbox 819 2909 995 2953; x_wconf 76' lang='lat' dir='ltr'>ancillae</span> <span class='ocrx_word' id='word_1_454' title='bbox 1029 2916 1072 2954; x_wconf 90' lang='lat' dir='ltr'>et</span> <span class='ocrx_word' id='word_1_455' title='bbox 1106 2911 1375 2954; x_wconf 88' lang='lat' dir='ltr'>mercenario</span> <span class='ocrx_word' id='word_1_456' title='bbox 1410 2916 1507 2966; x_wconf 88' lang='lat' dir='ltr'>tuo,</span> <span class='ocrx_word' id='word_1_457' title='bbox 1543 2917 1585 2954; x_wconf 91' lang='lat' dir='ltr'>et</span> <span class='ocrx_word' id='word_1_458' title='bbox 1617 2911 1824 2966; x_wconf 78' lang='lat' dir='ltr'>advenae,</span> <span class='ocrx_word' id='word_1_459' title='bbox 1867 2910 1939 2967; x_wconf 90' lang='lat' dir='ltr'>qui</span> 
     </span>
     <span class='ocr_line' id='line_1_44' title="bbox 107 2969 1938 3027; baseline 0 -15"><span class='ocrx_word' id='word_1_460' title='bbox 107 2969 444 3025; x_wconf 86' lang='lat' dir='ltr'>peregrinantur</span> <span class='ocrx_word' id='word_1_461' title='bbox 469 2970 589 3026; x_wconf 90' lang='lat' dir='ltr'>apud</span> <span class='ocrx_word' id='word_1_462' title='bbox 614 2975 686 3026; x_wconf 86' lang='lat' dir='ltr'>te3</span> <span class='ocrx_word' id='word_1_463' title='bbox 715 2969 730 2996; x_wconf 83' lang='lat'><strong>7</strong></span> <span class='ocrx_word' id='word_1_464' title='bbox 749 2969 963 3026; x_wconf 83' lang='lat' dir='ltr'>jumentis</span> <span class='ocrx_word' id='word_1_465' title='bbox 989 2969 1076 3012; x_wconf 91' lang='lat' dir='ltr'>tuis</span> <span class='ocrx_word' id='word_1_466' title='bbox 1104 2974 1147 3012; x_wconf 88' lang='lat' dir='ltr'>et</span> <span class='ocrx_word' id='word_1_467' title='bbox 1172 2969 1425 3026; x_wconf 86' lang='lat' dir='ltr'>pecoribus,</span> <span class='ocrx_word' id='word_1_468' title='bbox 1453 2970 1602 3014; x_wconf 88' lang='lat' dir='ltr'>omnia</span> <span class='ocrx_word' id='word_1_469' title='bbox 1628 2985 1725 3027; x_wconf 87' lang='lat' dir='ltr'>quae</span> <span class='ocrx_word' id='word_1_470' title='bbox 1751 2984 1938 3013; x_wconf 89' lang='lat' dir='ltr'>nascun-</span> 
     </span>
     <span class='ocr_line' id='line_1_45' title="bbox 106 3029 668 3085; baseline 0.004 -16"><span class='ocrx_word' id='word_1_471' title='bbox 106 3035 189 3083; x_wconf 93' lang='lat' dir='ltr'>tur,</span> <span class='ocrx_word' id='word_1_472' title='bbox 217 3029 479 3085; x_wconf 84' lang='lat' dir='ltr'>praebebunt</span> <span class='ocrx_word' id='word_1_473' title='bbox 506 3029 668 3072; x_wconf 89' lang='lat' dir='ltr'>cibum.</span> 
     </span>
    </p>

    <p class='ocr_par' dir='ltr' id='par_1_5' title="bbox 108 3087 1938 3558">
     <span class='ocr_line' id='line_1_46' title="bbox 166 3087 1938 3145; baseline 0.001 -15"><span class='ocrx_word' id='word_1_474' title='bbox 166 3087 182 3114; x_wconf 81' lang='lat'>8</span> <span class='ocrx_word' id='word_1_475' title='bbox 202 3088 468 3131; x_wconf 80' lang='lat' dir='ltr'>Numera-bis</span> <span class='ocrx_word' id='word_1_476' title='bbox 496 3102 668 3144; x_wconf 89' lang='grc'>000000</span> <span class='ocrx_word' id='word_1_477' title='bbox 694 3089 775 3131; x_wconf 90' lang='lat' dir='ltr'>tibi</span> <span class='ocrx_word' id='word_1_478' title='bbox 803 3092 974 3145; x_wconf 88' lang='lat' dir='ltr'>septem</span> <span class='ocrx_word' id='word_1_479' title='bbox 999 3088 1302 3132; x_wconf 89' lang='lat' dir='ltr'>hebdomadas</span> <span class='ocrx_word' id='word_1_480' title='bbox 1327 3102 1566 3144; x_wconf 86' lang='lat' dir='ltr'>annorum,</span> <span class='ocrx_word' id='word_1_481' title='bbox 1592 3088 1638 3131; x_wconf 90' lang='lat' dir='ltr'>id</span> <span class='ocrx_word' id='word_1_482' title='bbox 1664 3094 1751 3144; x_wconf 88' lang='lat' dir='ltr'>est,</span> <span class='ocrx_word' id='word_1_483' title='bbox 1778 3087 1938 3144; x_wconf 87' lang='lat' dir='ltr'>septies</span> 
     </span>
     <span class='ocr_line' id='line_1_47' title="bbox 108 3147 1938 3204; baseline 0 -15"><span class='ocrx_word' id='word_1_484' title='bbox 108 3152 298 3203; x_wconf 89' lang='lat' dir='ltr'>septem,</span> <span class='ocrx_word' id='word_1_485' title='bbox 340 3161 438 3203; x_wconf 86' lang='lat' dir='ltr'>quae</span> <span class='ocrx_word' id='word_1_486' title='bbox 486 3147 619 3190; x_wconf 91' lang='lat' dir='ltr'>simul</span> <span class='ocrx_word' id='word_1_487' title='bbox 661 3147 837 3191; x_wconf 78' lang='lat' dir='ltr'>faciunt</span> <span class='ocrx_word' id='word_1_488' title='bbox 884 3161 1022 3190; x_wconf 90' lang='lat' dir='ltr'>annos</span> <span class='ocrx_word' id='word_1_489' title='bbox 1064 3147 1359 3204; x_wconf 89' lang='lat' dir='ltr'>quadraginta</span> <span class='ocrx_word' id='word_1_490' title='bbox 1400 3162 1590 3202; x_wconf 89' lang='lat' dir='ltr'>novem;</span> <span class='ocrx_word' id='word_1_491' title='bbox 1633 3147 1650 3173; x_wconf 84' lang='lat'><strong>9</strong></span> <span class='ocrx_word' id='word_1_492' title='bbox 1675 3152 1718 3190; x_wconf 90' lang='lat' dir='ltr'>et</span> <span class='ocrx_word' id='word_1_493' title='bbox 1759 3147 1938 3203; x_wconf 87' lang='lat' dir='ltr'>clanges</span> 
     </span>
     <span class='ocr_line' id='line_1_48' title="bbox 108 3205 1936 3263; baseline 0 -15"><span class='ocrx_word' id='word_1_494' title='bbox 108 3205 297 3249; x_wconf 87' lang='lat' dir='ltr'>buccina</span> <span class='ocrx_word' id='word_1_495' title='bbox 332 3220 482 3249; x_wconf 89' lang='lat' dir='ltr'>mense</span> <span class='ocrx_word' id='word_1_496' title='bbox 515 3206 726 3263; x_wconf 90' lang='lat' dir='ltr'>septimo,</span> <span class='ocrx_word' id='word_1_497' title='bbox 761 3206 934 3250; x_wconf 89' lang='lat' dir='ltr'>decima</span> <span class='ocrx_word' id='word_1_498' title='bbox 967 3206 1038 3249; x_wconf 89' lang='lat' dir='ltr'>die</span> <span class='ocrx_word' id='word_1_499' title='bbox 1072 3207 1258 3262; x_wconf 89' lang='lat' dir='ltr'>mensis,</span> <span class='ocrx_word' id='word_1_500' title='bbox 1293 3206 1618 3263; x_wconf 87' lang='lat' dir='ltr'>propitiationis</span> <span class='ocrx_word' id='word_1_501' title='bbox 1655 3212 1852 3263; x_wconf 89' lang='lat' dir='ltr'>tempore</span> <span class='ocrx_word' id='word_1_502' title='bbox 1891 3206 1936 3248; x_wconf 92' lang='lat' dir='ltr'>in</span> 
     </span>
     <span class='ocr_line' id='line_1_49' title="bbox 109 3265 1937 3322; baseline -0.001 -15"><span class='ocrx_word' id='word_1_503' title='bbox 109 3265 313 3308; x_wconf 84' lang='lat' dir='ltr'>universa</span> <span class='ocrx_word' id='word_1_504' title='bbox 350 3270 466 3308; x_wconf 89' lang='lat' dir='ltr'>terra</span> <span class='ocrx_word' id='word_1_505' title='bbox 507 3270 667 3308; x_wconf 86' lang='lat' dir='ltr'>vestra.</span> <span class='ocrx_word' id='word_1_506' title='bbox 711 3265 746 3292; x_wconf 89' lang='lat'>¹⁰</span> <span class='ocrx_word' id='word_1_507' title='bbox 770 3265 1166 3322; x_wconf 79' lang='lat' dir='ltr'>Sanctificabisque</span> <span class='ocrx_word' id='word_1_508' title='bbox 1207 3280 1375 3308; x_wconf 90' lang='lat' dir='ltr'>annum</span> <span class='ocrx_word' id='word_1_509' title='bbox 1416 3265 1853 3322; x_wconf 87' lang='lat' dir='ltr'>quinquagesimum,</span> <span class='ocrx_word' id='word_1_510' title='bbox 1895 3270 1937 3307; x_wconf 89' lang='lat' dir='ltr'>et</span> 
     </span>
     <span class='ocr_line' id='line_1_50' title="bbox 108 3323 1936 3391; baseline 0 -26"><span class='ocrx_word' id='word_1_511' title='bbox 108 3324 288 3367; x_wconf 82' lang='lat' dir='ltr'>vocabis</span> <span class='ocrx_word' id='word_1_512' title='bbox 325 3324 631 3367; x_wconf 80' lang='lat' dir='ltr'>remissionem</span> <span class='ocrx_word' id='word_1_513' title='bbox 669 3325 840 3368; x_wconf 89' lang='lat' dir='ltr'>cunctis</span> <span class='ocrx_word' id='word_1_514' title='bbox 882 3324 1207 3368; x_wconf 86' lang='lat' dir='ltr'>habitatoribus</span> <span class='ocrx_word' id='word_1_515' title='bbox 1249 3331 1376 3368; x_wconf 86' lang='lat' dir='ltr'>terrae</span> <span class='ocrx_word' id='word_1_516' title='bbox 1418 3330 1535 3380; x_wconf 86' lang='lat' dir='ltr'>tuae,</span> <span class='ocrx_word' id='word_1_517' title='bbox 1526 3342 1535 3350; x_wconf 94' lang='lat'><strong>·</strong></span> <span class='ocrx_word' id='word_1_518' title='bbox 1578 3324 1672 3391; x_wconf 78' lang='lat' dir='ltr'>ipse</span> <span class='ocrx_word' id='word_1_519' title='bbox 1714 3329 1778 3366; x_wconf 90' lang='lat' dir='ltr'>est</span> <span class='ocrx_word' id='word_1_520' title='bbox 1819 3323 1936 3366; x_wconf 89' lang='lat' dir='ltr'>enim</span> 
     </span>
     <span class='ocr_line' id='line_1_51' title="bbox 108 3361 1938 3450; baseline -0.001 -25"><span class='ocrx_word' id='word_1_521' title='bbox 108 3382 316 3437; x_wconf 82' lang='lat' dir='ltr'>jubileus.</span> <span class='ocrx_word' id='word_1_522' title='bbox 347 3384 608 3426; x_wconf 82' lang='lat' dir='ltr'>Revertetui</span> <span class='ocrx_word' id='word_1_523' title='bbox 632 3384 763 3427; x_wconf 91' lang='lat' dir='ltr'>homo</span> <span class='ocrx_word' id='word_1_524' title='bbox 789 3383 845 3426; x_wconf 85' lang='lat' dir='ltr'>ad</span> <span class='ocrx_word' id='word_1_525' title='bbox 872 3384 1192 3450; x_wconf 86' lang='lat' dir='ltr'>possessionem</span> <span class='ocrx_word' id='word_1_526' title='bbox 1216 3398 1363 3439; x_wconf 89' lang='lat' dir='ltr'>suam,</span> <span class='ocrx_word' id='word_1_527' title='bbox 1398 3389 1442 3427; x_wconf 90' lang='lat' dir='ltr'>et</span> <span class='ocrx_word' id='word_1_528' title='bbox 1476 3361 1773 3450; x_wconf 77' lang='grc' dir='ltr'>011030013οιιο</span> <span class='ocrx_word' id='word_1_529' title='bbox 1797 3381 1938 3425; x_wconf 89' lang='lat' dir='ltr'>1ediet</span> 
     </span>
     <span class='ocr_line' id='line_1_52' title="bbox 109 3418 1934 3510; baseline -0.001 -27"><span class='ocrx_word' id='word_1_530' title='bbox 109 3441 165 3483; x_wconf 85' lang='lat' dir='ltr'>ad</span> <span class='ocrx_word' id='word_1_531' title='bbox 198 3442 422 3484; x_wconf 79' lang='lat' dir='ltr'>familiam</span> <span class='ocrx_word' id='word_1_532' title='bbox 456 3442 718 3499; x_wconf 89' lang='lat' dir='ltr'>pristinam,</span> <span class='ocrx_word' id='word_1_533' title='bbox 756 3442 788 3469; x_wconf 89' lang='lat'>¹¹</span> <span class='ocrx_word' id='word_1_534' title='bbox 816 3443 918 3498; x_wconf 90' lang='lat' dir='ltr'>quia</span> <span class='ocrx_word' id='word_1_535' title='bbox 949 3442 1145 3510; x_wconf 81' lang='lat' dir='ltr'>jubileus</span> <span class='ocrx_word' id='word_1_536' title='bbox 1178 3448 1244 3486; x_wconf 89' lang='lat' dir='ltr'>est</span> <span class='ocrx_word' id='word_1_537' title='bbox 1277 3448 1319 3486; x_wconf 90' lang='lat' dir='ltr'>et</span> <span class='ocrx_word' id='word_1_538' title='bbox 1352 3418 1742 3510; x_wconf 64' lang='lat' dir='ltr'>quinquagesimus</span> <span class='ocrx_word' id='word_1_539' title='bbox 1779 3455 1934 3484; x_wconf 85' lang='lat' dir='ltr'>annus.</span> 
     </span>
     <span class='ocr_line' id='line_1_53' title="bbox 112 3498 1936 3558; baseline -0.001 -16"><span class='ocrx_word' id='word_1_540' title='bbox 112 3499 210 3542; x_wconf 82' lang='lat' dir='ltr'>Non</span> <span class='ocrx_word' id='word_1_541' title='bbox 235 3500 408 3556; x_wconf 90' lang='lat' dir='ltr'>seretis,</span> <span class='ocrx_word' id='word_1_542' title='bbox 436 3516 577 3557; x_wconf 90' lang='lat' dir='ltr'>neque</span> <span class='ocrx_word' id='word_1_543' title='bbox 604 3501 777 3545; x_wconf 89' lang='lat' dir='ltr'>metetis</span> <span class='ocrx_word' id='word_1_544' title='bbox 803 3507 959 3558; x_wconf 87' lang='lat' dir='ltr'>sponte</span> <span class='ocrx_word' id='word_1_545' title='bbox 983 3501 1031 3544; x_wconf 91' lang='lat' dir='ltr'>in</span> <span class='ocrx_word' id='word_1_546' title='bbox 1055 3516 1162 3558; x_wconf 89' lang='lat' dir='ltr'>agro</span> <span class='ocrx_word' id='word_1_547' title='bbox 1188 3502 1436 3557; x_wconf 86' lang='lat' dir='ltr'>nascentia,</span> <span class='ocrx_word' id='word_1_548' title='bbox 1473 3507 1516 3544; x_wconf 89' lang='lat' dir='ltr'>et</span> <span class='ocrx_word' id='word_1_549' title='bbox 1540 3500 1758 3557; x_wconf 88' lang='lat' dir='ltr'>primitias</span> <span class='ocrx_word' id='word_1_550' title='bbox 1784 3498 1936 3542; x_wconf 90' lang='lat' dir='ltr'>vinde-</span> 
     </span>
    </p>
   </div>
   <div class='ocr_carea' id='block_1_5' title="bbox 114 3668 1713 3708">
    <p class='ocr_par' dir='ltr' id='par_1_6' title="bbox 114 3668 1713 3708">
     <span class='ocr_line' id='line_1_54' title="bbox 114 3668 1713 3708; baseline 0.003 -13"><span class='ocrx_word' id='word_1_551' title='bbox 114 3668 235 3702; x_wconf 65' lang='lat' dir='ltr'>171Ex.</span> <span class='ocrx_word' id='word_1_552' title='bbox 252 3668 453 3705; x_wconf 76' lang='lat' dir='ltr'>XX1‚12.-</span> <span class='ocrx_word' id='word_1_553' title='bbox 470 3672 518 3706; x_wconf 84' lang='lat'>20]</span> <span class='ocrx_word' id='word_1_554' title='bbox 538 3672 598 3699; x_wconf 82' lang='lat' dir='ltr'>Ex.</span> <span class='ocrx_word' id='word_1_555' title='bbox 616 3671 771 3705; x_wconf 52' lang='lat' dir='ltr'>XX1224.</span> <span class='ocrx_word' id='word_1_556' title='bbox 795 3672 892 3699; x_wconf 86' lang='lat' dir='ltr'>Deut.</span> <span class='ocrx_word' id='word_1_557' title='bbox 911 3671 1005 3706; x_wconf 78' lang='lat' dir='ltr'>xlx,</span> <span class='ocrx_word' id='word_1_558' title='bbox 1023 3674 1066 3699; x_wconf 72' lang='grc' dir='ltr'>εἰ.</span> <span class='ocrx_word' id='word_1_559' title='bbox 1088 3671 1210 3700; x_wconf 80' lang='lat' dir='ltr'>Matth.</span> <span class='ocrx_word' id='word_1_560' title='bbox 1228 3672 1267 3707; x_wconf 74' lang='lat' dir='ltr'>v,</span> <span class='ocrx_word' id='word_1_561' title='bbox 1283 3673 1328 3699; x_wconf 77' lang='lat'>38.</span> <span class='ocrx_word' id='word_1_562' title='bbox 1351 3686 1385 3691; x_wconf 92' lang='lat'>—-</span> <span class='ocrx_word' id='word_1_563' title='bbox 1403 3671 1431 3706; x_wconf 62' lang='lat'>97</span> <span class='ocrx_word' id='word_1_564' title='bbox 1447 3672 1496 3700; x_wconf 77' lang='lat' dir='ltr'>Ex</span> <span class='ocrx_word' id='word_1_565' title='bbox 1527 3672 1660 3708; x_wconf 65' lang='lat' dir='ltr'>xxrrr,</span> <span class='ocrx_word' id='word_1_566' title='bbox 1679 3674 1713 3700; x_wconf 70' lang='lat' dir='ltr'>lo</span> 
     </span>
    </p>
   </div>
   <div class='ocr_carea' id='block_1_6' title="bbox 2009 604 2247 725">
    <p class='ocr_par' dir='ltr' id='par_1_7' title="bbox 2009 604 2247 725">
     <span class='ocr_line' id='line_1_55' title="bbox 2064 604 2194 632; baseline 0 0"><span class='ocrx_word' id='word_1_567' title='bbox 2064 605 2131 632; x_wconf 88' lang='lat' dir='ltr'>Lex</span> <span class='ocrx_word' id='word_1_568' title='bbox 2155 604 2194 632; x_wconf 80' lang='lat' dir='ltr'>de</span> 
     </span>
     <span class='ocr_line' id='line_1_56' title="bbox 2009 647 2247 681; baseline 0 -5"><span class='ocrx_word' id='word_1_569' title='bbox 2009 647 2151 681; x_wconf 77' lang='lat' dir='ltr'>panibus</span> <span class='ocrx_word' id='word_1_570' title='bbox 2178 655 2247 681; x_wconf 83' lang='lat' dir='ltr'>pro-</span> 
     </span>
     <span class='ocr_line' id='line_1_57' title="bbox 2034 692 2222 725; baseline 0 -5"><span class='ocrx_word' id='word_1_571' title='bbox 2034 692 2222 725; x_wconf 81' lang='lat' dir='ltr'>positionis.</span> 
     </span>
    </p>
   </div>
   <div class='ocr_carea' id='block_1_7' title="bbox 2023 1011 2236 1128">
    <p class='ocr_par' dir='ltr' id='par_1_8' title="bbox 2023 1011 2236 1128">
     <span class='ocr_line' id='line_1_58' title="bbox 2039 1011 2222 1039; baseline 0.005 -1"><span class='ocrx_word' id='word_1_572' title='bbox 2039 1011 2140 1039; x_wconf 78' lang='lat' dir='ltr'>Poeua</span> <span class='ocrx_word' id='word_1_573' title='bbox 2156 1011 2222 1039; x_wconf 70' lang='lat' dir='ltr'>bla—</span> 
     </span>
     <span class='ocr_line' id='line_1_59' title="bbox 2023 1055 2236 1087; baseline 0.005 -5"><span class='ocrx_word' id='word_1_574' title='bbox 2023 1055 2236 1087; x_wconf 81' lang='lat' dir='ltr'>spheniorum</span> 
     </span>
     <span class='ocr_line' id='line_1_60' title="bbox 2027 1097 2229 1128; baseline 0.01 -2"><span class='ocrx_word' id='word_1_575' title='bbox 2027 1101 2060 1126; x_wconf 83' lang='lat' dir='ltr'>et</span> <span class='ocrx_word' id='word_1_576' title='bbox 2084 1097 2229 1128; x_wconf 83' lang='lat' dir='ltr'>talionis.</span> 
     </span>
    </p>
   </div>
   <div class='ocr_carea' id='block_1_8' title="bbox 2009 2451 2247 2526">
    <p class='ocr_par' dir='ltr' id='par_1_9' title="bbox 2009 2451 2247 2526">
     <span class='ocr_line' id='line_1_61' title="bbox 2009 2451 2247 2481; baseline 0 -1"><span class='ocrx_word' id='word_1_577' title='bbox 2009 2454 2053 2480; x_wconf 89' lang='lat' dir='ltr'>De</span> <span class='ocrx_word' id='word_1_578' title='bbox 2070 2459 2157 2481; x_wconf 86' lang='lat' dir='ltr'>anno</span> <span class='ocrx_word' id='word_1_579' title='bbox 2174 2451 2247 2480; x_wconf 70' lang='lat' dir='ltr'>sab·</span> 
     </span>
     <span class='ocr_line' id='line_1_62' title="bbox 2070 2495 2191 2526; baseline 0.017 -2"><span class='ocrx_word' id='word_1_580' title='bbox 2070 2495 2191 2526; x_wconf 81' lang='lat' dir='ltr'>batico.</span> 
     </span>
    </p>
   </div>
   <div class='ocr_carea' id='block_1_9' title="bbox 2007 3100 2238 3176">
    <p class='ocr_par' dir='ltr' id='par_1_10' title="bbox 2007 3100 2238 3176">
     <span class='ocr_line' id='line_1_63' title="bbox 2030 3100 2221 3132; baseline 0.01 -2"><span class='ocrx_word' id='word_1_581' title='bbox 2030 3103 2076 3131; x_wconf 90' lang='lat' dir='ltr'>De</span> <span class='ocrx_word' id='word_1_582' title='bbox 2092 3103 2114 3131; x_wconf 87' lang='lat' dir='ltr'><strong>J</strong></span> <span class='ocrx_word' id='word_1_583' title='bbox 2116 3100 2221 3132; x_wconf 87' lang='lat' dir='ltr'>ubilei</span> 
     </span>
     <span class='ocr_line' id='line_1_64' title="bbox 2007 3146 2238 3176; baseline 0.009 -2"><span class='ocrx_word' id='word_1_584' title='bbox 2007 3146 2238 3176; x_wconf 75' lang='lat' dir='ltr'>celebratione.</span> 
     </span>
    </p>
   </div>
  </div>
 </body>
</html>
