2423 3861
59 286 72 311 ’ἵ

181 310 396 339 Humilitatis

201 354 377 388 professio.

183 549 389 584 Deprecatio.

193 1021 375 1050 Promissio

226 1065 344 1094 laudis.

206 1253 365 1282 Hostium

181 1298 387 1331 prosperitas

176 1341 391 1370 describitur.

209 2194 352 2222 Titulus.

190 2268 375 2299 Argumen-

242 2315 324 2339 tum.

165 2506 220 2535 Dei
242 2506 402 2540 majestas·

180 2555 213 2579 ct
234 2550 384 2583 magnin-

225 2593 346 2622 centia.

184 2985 243 3015 Dei
259 2985 386 3014 miseri-

226 3028 348 3058 cordia.

203 3337 368 3366 Inritatio

183 3382 223 3409 ad
245 3382 384 3410 laudeni.

477 69 561 112 656
986 72 1059 114 Ps.
1094 72 1314 126 CXLIII,
1349 73 1376 115 3
1407 98 1467 105 —
1498 73 1701 128 CXLIV,
1738 74 1803 115 12.

771 242 842 297 qui
869 242 1021 285 subdit
1045 242 1258 299 populum
1282 258 1431 286 meum
1457 245 1538 287 sub
1564 259 1648 287 me.

669 300 687 326 3
706 301 915 355 Domine,
940 301 1044 356 quid
1071 309 1137 344 est
1162 302 1314 357 homo,
1339 303 1440 359 quia
1462 302 1694 346 innotuisti
1720 303 1758 346 ei
1773 304 1794 347 ἱ)

771 366 849 402 aut
875 360 990 403 filius
1016 361 1228 417 hominis,
1252 362 1355 418 quia
1380 367 1559 418 reputas
1586 363 1716 407 eum?

669 418 686 444 4
706 420 853 462 Homo
879 420 1068 462 vanitati
1095 420 1252 463 similis
1279 422 1428 464 factus
1455 426 1549 476 est,

770 478 860 521 dies
883 479 978 534 ejus
1005 479 1120 522 sicut
1141 480 1298 522 umbra
1323 486 1605 537 praetereunt.

670 537 686 563 5
706 537 914 593 Domine,
941 538 1109 581 inclina
1136 539 1268 582 caelos
1294 546 1411 593 tuos,
1440 545 1483 582 et
1509 539 1756 595 descende3

768 603 902 652 tange
929 603 1124 654 montes,
1149 604 1193 642 et
1216 599 1522 655 fumigabunt.

667 655 686 682 6
704 656 899 712 Fulgura
927 657 1300 712 coruscationem,
1324 664 1367 702 et
1389 656 1625 715 dissipabis
1652 671 1750 711 eos;

768 715 921 759 emitte
947 716 1135 772 sagittas
1160 722 1280 773 tuaS,
1308 723 1351 760 et
1377 718 1661 761 conturbabis
1688 730 1774 759 eos

650 773 665 799 7
683 775 850 817 Emitte
876 790 1058 818 manum
1080 781 1203 819 tuam
1226 777 1279 820 de
1302 777 1413 833 alto,
1439 777 1557 834 eripe
1581 792 1675 831 me,

767 839 811 877 et
836 834 975 878 libera
1002 850 1071 879 me
1094 836 1148 878 de
1169 836 1294 892 aquis
1317 836 1489 891 multis,
1513 836 1567 880 de
1593 851 1727 879 manu
1750 836 1941 879 filiorum
1963 837 2230 883 alienorum:

670 892 686 918 8
703 907 888 948 quorum
915 909 960 937 os
986 894 1184 937 locutum
1207 900 1274 938 est
1299 896 1566 951 vanitatem,

767 959 810 995 et
837 953 1019 997 dextera
1045 969 1194 997 eorum
1221 954 1404 997 dextera
1429 955 1690 1011 iniquitatis.

669 1011 685 1036 ³
703 1013 844 1067 Deus,
873 1013 1097 1056 canticum
1119 1028 1284 1056 novum
1312 1014 1501 1057 cantabo
1527 1014 1627 1070 tibi,

796 1073 841 1114 in
867 1072 1075 1128 psalterio
1103 1072 1378 1116 decachordo
1405 1072 1594 1130 psallam
1621 1073 1715 1118 tibi.

652 1130 685 1156 ¹0
703 1130 783 1181 Qui
811 1131 889 1174 das
912 1131 1101 1174 salutem
1123 1132 1322 1188 regibus,

768 1191 840 1246 qui
867 1190 1092 1233 redemisti
1121 1191 1293 1247 David,
1318 1206 1494 1235 servum
1519 1198 1666 1248 tuum,
1694 1193 1748 1235 de
1771 1193 1921 1249 gladio
1945 1195 2152 1251 maligno.

654 1249 681 1274 ¹¹
704 1250 835 1306 Eripe
861 1264 951 1305 me,
976 1256 1019 1293 et
1041 1265 1141 1294 erue
1169 1266 1239 1294 me
1262 1251 1315 1294 de
1338 1266 1472 1294 manu
1499 1251 1690 1295 filiorum
1712 1252 1981 1307 alienorum,

768 1324 953 1364 quorum
980 1324 1026 1352 os
1052 1310 1249 1353 locutum
1269 1316 1335 1354 est
1359 1311 1621 1366 vanitatem,

767 1375 810 1411 et
832 1369 1014 1412 dextera
1041 1384 1191 1412 eorum
1218 1370 1400 1413 dextera
1426 1370 1692 1427 iniquitatis.

654 1427 685 1453 ¹2
707 1428 899 1478 Quorum
926 1428 1005 1471 filii
1031 1429 1146 1471 sicut
1167 1429 1357 1473 novellae
1380 1430 1681 1486 plantationes
1703 1431 1748 1474 in
1770 1432 2004 1488 juventute
2030 1447 2133 1487 sua;

766 1488 871 1530 filiae
898 1502 1046 1530 eorum
1070 1489 1351 1545 compositae,
1380 1490 1718 1534 circumornatae
1753 1498 1800 1534 ut
1833 1492 2079 1535 similitudo
2105 1491 2273 1547 templi.

652 1546 686 1572 ¹3
707 1547 1017 1604 Promptuaria
1044 1562 1194 1590 eorum
1216 1548 1368 1605 plena,
1401 1549 1647 1592 eructantia
1672 1565 1727 1593 ex
1752 1552 1835 1594 hoc
1860 1552 1906 1594 in
1927 1552 2064 1606 illud3

768 1621 872 1649 oves
898 1621 1048 1649 eorum
1074 1607 1255 1663 fetosae,
1283 1608 1563 1651 abundantes
1589 1609 1635 1651 in
1662 1611 1911 1665 egressibus
1938 1611 2053 1664 suis3

709 1665 743 1691 ¹4
764 1665 900 1709 boves
934 1680 1080 1709 eorum
1111 1681 1283 1710 crassae.

707 1725 806 1767 Non
831 1731 895 1767 est
921 1725 1047 1768 ruina
1070 1727 1300 1781 maceriae,
1325 1741 1466 1783 neque
1490 1728 1727 1783 transitus,

767 1798 908 1840 neque
935 1785 1101 1828 clamor
1122 1786 1166 1827 in
1189 1786 1350 1842 plateis
1373 1801 1536 1831 eorum.

652 1843 685 1869 ¹⁵
710 1844 899 1886 Beatum
927 1843 1132 1887 dixerunt
1156 1845 1370 1901 populum
1393 1846 1463 1888 cui
1490 1846 1588 1888 haec
1615 1852 1743 1901 sunt;

770 1903 921 1945 beatus
948 1903 1135 1960 populus
1163 1904 1289 1959 cujus
1314 1905 1531 1947 Dominus
1559 1907 1678 1948 Deus
1703 1907 1811 1962 ejus.

1169 2013 1384 2056 PsALMUS
1419 2013 1609 2056 CXLIV

570 2098 797 2142 Canticum
825 2100 974 2143 laudis
995 2115 1080 2155 quo
1094 2101 1400 2156 prced-icantur
1424 2101 1515 2144 Dei
1538 2103 1867 2158 maymflcentia
1892 2110 1932 2148 et
1954 2104 2205 2161 beniynitas.

531 2183 540 2208 ¹
568 2185 787 2229 Laudatio
808 2186 892 2243 ipsi
917 2187 1077 2231 David.

707 2261 929 2304 Exaltabo
955 2268 1022 2318 te,
1048 2264 1168 2306 Deus
1195 2277 1319 2306 meus
1343 2278 1448 2313 rex:

764 2327 807 2363 et
830 2320 1093 2364 benedicam
1120 2322 1291 2365 nomini
1317 2328 1391 2365 tuo
1416 2323 1461 2365 in
1490 2322 1726 2378 saeculum,
1760 2329 1804 2367 et
1834 2324 1879 2367 in
1902 2325 2117 2369 saeculum
2145 2328 2312 2372 saeculi.

667 2378 683 2404 ‘·'
705 2380 788 2423 Per
809 2380 1008 2436 singulos
1036 2382 1129 2425 dies
1155 2382 1421 2425 benedicam
1444 2382 1550 2439 tibi,

766 2445 808 2482 et
831 2440 1023 2484 laudabo
1048 2455 1211 2484 nomen
1233 2447 1360 2484 tuum
1381 2442 1427 2484 in
1451 2442 1679 2498 saeculum,
1712 2448 1755 2485 et
1779 2443 1826 2485 in
1849 2444 2061 2486 saeculum
2083 2445 2251 2489 saeculi.

666 2497 683 2523 3
703 2498 894 2555 Magnus
919 2500 1158 2556 Dominus,
1185 2507 1228 2544 et
1253 2501 1494 2544 laudabilis
1516 2501 1674 2556 nimis;

766 2564 809 2601 et
835 2560 1159 2615 magnitudinis
1187 2561 1284 2616 ejus
1310 2575 1398 2603 non
1426 2566 1492 2603 est
1513 2561 1626 2604 finis.

664 2616 682 2643 4
704 2618 943 2662 Generatio
967 2625 1009 2662 et
1031 2620 1258 2675 generatio
1284 2619 1488 2663 laudabit
1511 2634 1641 2676 opera
1668 2625 1763 2677 tua,

767 2684 809 2720 et
830 2679 1078 2734 potentiam
1103 2685 1227 2722 tuam
1249 2679 1617 2736 pronuntiabunt.

666 2735 683 2764 5
702 2737 1090 2793 Magnificentiam
1116 2739 1270 2794 gloriae
1296 2739 1551 2782 sanctitatis
1577 2744 1665 2782 tuae
1691 2738 1950 2798 loquentur,

766 2802 809 2839 et
834 2797 1057 2840 mirabilia
1080 2803 1157 2840 tua
1178 2799 1435 2842 narrabunt.

670 2855 686 2880 ⁰
705 2857 763 2898 Et
783 2857 996 2900 virtutem
1022 2857 1288 2900 terribilium
1309 2863 1486 2901 tuorum
1513 2858 1680 2913 dicent,

764 2921 808 2958 et
833 2916 1191 2972 magnitudinem
1217 2922 1341 2960 tuam
1367 2918 1626 2961 narrabunt.

665 2974 679 3000 7
703 2976 965 3018 Memoriam
987 2976 1276 3019 abundantiae
1303 2976 1539 3020 suavitatis
1562 2982 1650 3019 tuae
1677 2977 1959 3036 eructabunt,

766 3040 809 3077 et
830 3035 1006 3090 justitia
1032 3041 1107 3078 tua
1130 3035 1409 3078 exultabunt.

666 3093 683 3119 8
703 3093 935 3137 Miserator
960 3100 1003 3137 et
1029 3095 1276 3138 misericors
1304 3095 1548 3149 Dominus3

765 3153 938 3209 patiens
965 3161 1007 3197 et
1034 3154 1221 3196 multum
1250 3154 1511 3197 misericors,

665 3209 684 3236 ⁹
705 3212 861 3256 Suavis
885 3214 1103 3256 Dominus
1127 3214 1367 3268 universis,

767 3277 810 3314 et
837 3271 1141 3316 miserationes
1169 3273 1265 3328 ejus
1288 3288 1418 3330 super
1443 3273 1592 3317 onmia
1618 3287 1749 3328 opera
1772 3273 1883 3329 ejus.

649 3331 684 3357 ¹⁰
705 3331 1009 3376 Confiteantur
1034 3332 1137 3386 tibi,
1166 3333 1378 3387 Domine,
1406 3332 1555 3375 omnia
1578 3346 1709 3388 opera
1734 3336 1835 3387 tua3

765 3396 808 3434 et
830 3391 972 3433 sancti
999 3391 1062 3433 tui
1089 3391 1358 3434 benedicant
1380 3392 1475 3435 tibi.

650 3450 679 3476 ¹¹
707 3450 906 3494 Gloriam
928 3450 1053 3506 regni
1076 3450 1139 3492 tui
1167 3450 1336 3506 dicent,

766 3515 810 3553 et
836 3510 1081 3566 potentiam
1104 3515 1227 3552 tuam
1250 3510 1508 3565 loquentur3

650 3568 685 3595 ¹⁶²
708 3574 754 3612 ut
780 3575 932 3612 notam
954 3568 1128 3611 faciant
1150 3568 1253 3612 filiis
1279 3568 1508 3612 hominum
1536 3569 1782 3626 potentiam
1809 3575 1950 3626 tuam,
