2456 3861
793 181 904 224 Luv.
940 181 1027 235 XI,
1066 181 1224 224 12-46.
1839 181 1916 224 101

99 371 250 402 carnes
276 371 425 401 eorum
454 371 541 400 non
571 357 832 412 comedetis,
866 363 909 401 et
938 357 1172 401 morticina
1201 357 1414 401 vitabitis.
1446 357 1480 384 ¹2
1502 358 1672 402 Cuncta
1702 371 1800 414 quae
1835 371 1921 399 nou

98 417 262 460 habent
283 415 488 473 pinnulas
515 421 557 459 et
578 431 783 472 squamas
809 417 856 459 in
877 417 1023 472 aquis,
1046 416 1214 473 polluta
1236 421 1375 460 erunt.

159 475 192 501 ¹³
218 475 329 518 Haec
362 480 464 518 sunt
501 489 597 531 quae
631 475 686 519 de
717 475 873 518 avibus
911 475 1140 519 comedere
1177 489 1262 518 non
1296 474 1486 530 debetis,
1522 480 1565 518 et
1604 475 1786 518 vitanda
1820 481 1919 519 sunt

97 534 251 577 vobis:
280 533 497 590 aquilam,
532 539 574 577 et
606 534 842 590 gryphem,
875 539 918 577 et
950 534 1230 589 haliaeetum,
1270 534 1302 560 ¹⁴
1325 539 1367 577 et
1397 534 1583 577 milvum
1610 549 1662 577 ac
1700 534 1920 578 vulturem

95 593 223 649 juxta
260 606 398 647 genus
434 607 582 648 suum,
620 592 652 618 ¹⁵
670 598 713 637 et
747 606 875 636 omne
911 592 1078 635 corvini
1115 593 1287 648 generis
1324 593 1370 635 in
1403 593 1743 636 similitudinem
1772 607 1918 649 suam,

97 652 132 678 ¹⁶
156 651 472 707 struthionem,
503 656 547 695 et
575 657 804 705 noctuam,
834 656 877 693 et
905 651 1067 705 larum,
1099 657 1142 694 et
1169 651 1426 707 accipitrem
1451 652 1581 707 juxta
1602 666 1739 708 genus
1768 666 1916 706 suum,

98 710 130 736 ¹⁷
149 710 390 765 bubonem,
414 716 457 753 et
480 709 747 765 mergulum,
771 714 814 752 et
835 709 949 764 ibin,
977 708 1008 735 ¹⁸
1027 715 1070 752 et
1095 723 1311 765 cygnum,
1338 716 1381 752 et
1407 711 1728 767 onocrotalum,
1757 717 1799 754 et
1825 725 1919 768 por-

95 769 381 826 phyrionem,
421 767 456 794 ¹⁹
488 767 771 811 herodionem
812 773 855 811 et
892 767 1154 810 charadrion
1192 768 1322 823 juxta
1363 782 1500 823 genus
1539 784 1688 825 suum,
1727 784 1920 827 upupam

95 842 285 884 quoque,
323 832 367 870 et·
402 826 773 883 vespertilionem.
804 825 841 852 ‘²⁰
863 826 1004 870 Omne
1037 826 1091 869 de
1125 826 1375 869 volucribus
1410 827 1524 882 quod
1561 828 1761 883 graditur
1794 844 1922 885 super

95 893 280 942 quatuor
296 885 450 942 pedes,
472 885 774 929 abominabile
795 885 877 929 erit
898 885 1037 929 vobis.
1058 884 1090 911 '²¹
1111 884 1333 941 Quidquid
1355 891 1504 928 autem
1525 886 1726 929 ambulat
1744 887 1921 943 quidem

94 959 222 1003 super
243 949 428 1000 quatuor
452 944 606 1001 pedes,
632 944 710 987 sed
739 944 874 987 habet
899 944 1099 999 longiora
1124 949 1239 987 retro
1268 958 1413 1000 crura,
1443 958 1520 1001 per
1545 959 1641 1000 quae
1666 945 1770 988 salit
1794 959 1922 1002 super

93 1010 275 1060 terram,
295 1002 332 1029 ²2
350 1003 579 1047 comedere
594 1002 786 1059 debetis,
806 1009 854 1046 ut
874 1008 940 1047 est
960 1003 1152 1046 bruchus
1171 1002 1217 1045 in
1239 1017 1399 1059 genere
1420 1017 1520 1058 suo,
1538 1008 1582 1046 et
1599 1008 1772 1047 attacus
1791 1010 1922 1059 atquc

95 1062 432 1119 ophiomachus,
449 1076 502 1105 ac
521 1061 713 1118 locusta,
736 1062 912 1118 singula
929 1062 1060 1118 juxta
1082 1076 1220 1118 genus
1238 1075 1380 1104 suum.
1401 1060 1438 1088 33
1455 1061 1678 1117 Quidquid
1696 1068 1847 1106 autem
1869 1077 1922 1105 ex

93 1121 344 1165 volucribus
373 1126 559 1177 quatuor
587 1126 762 1164 tantum
796 1121 931 1164 habet
963 1120 1116 1178 pedes,
1144 1121 1394 1164 execrabile
1423 1121 1505 1165 erit
1530 1120 1680 1176 vobis;
1705 1120 1741 1147 ²4
1759 1127 1803 1164 et
1829 1123 1922 1177 qui-

94 1194 281 1236 cumque
306 1180 541 1223 morticina
567 1194 716 1224 eorum
738 1180 955 1236 tetigerit,
981 1179 1213 1237 polluetur,
1241 1185 1284 1223 et
1309 1180 1392 1224 erit
1417 1179 1672 1223 immundus
1702 1193 1837 1236 usque
1866 1180 1922 1223 ad

93 1253 349 1296 vesperum3
380 1238 417 1266 ²⁵
438 1244 481 1283 et
513 1239 551 1282 si
584 1253 761 1283 necesse
793 1239 930 1282 fuerit
962 1244 1011 1282 ut
1045 1244 1189 1296 portet
1226 1239 1453 1296 quippiam
1486 1239 1642 1282 horum
1660 1245 1918 1293 mortuum,

93 1298 264 1342 lavabit
284 1298 551 1342 vestimenta
576 1313 674 1354 sua,
701 1304 744 1342 et
767 1297 1024 1341 immundus
1050 1298 1132 1341 erit
1156 1312 1292 1354 usque
1312 1298 1370 1341 ad
1397 1312 1602 1342 occasum
1626 1298 1744 1342 solis.

152 1356 188 1384 ⁹⁶
206 1357 347 1402 Omne
367 1357 535 1400 animal
558 1358 673 1413 quod
697 1357 832 1401 habet
853 1357 1033 1414 quidem
1057 1357 1284 1413 ungulam,
1303 1357 1380 1400 sed
1406 1372 1493 1400 non
1519 1357 1681 1400 dividit
1704 1371 1816 1411 eam,
1842 1373 1922 1402 nec

93 1416 307 1472 ruminat,
334 1416 616 1459 immundum
644 1416 747 1472 erit,
773 1421 817 1459 et
839 1416 912 1472 qui
935 1415 1141 1474 vtetigerit
1168 1415 1302 1472 illud,
1333 1416 1721 1460 contaminabitur.
1745 1416 1779 1443 27
1798 1417 1922 1468 Quod

92 1475 294 1519 ambulat
328 1489 458 1532 super
490 1489 670 1530 manus,
705 1489 760 1519 ex
792 1475 963 1518 cunctis
1003 1475 1306 1518 animantibus
1343 1490 1440 1531 quae
1481 1475 1694 1519 incedunt
1735 1476 1922 1532 quadru-

93 1534 243 1592 pedia,
269 1534 552 1577 immundum
577 1534 683 1589 erit,
708 1533 781 1590 qui
806 1533 1004 1589 tetigerit
1026 1533 1260 1577 morticina
1283 1548 1454 1586 eorum,
1472 1534 1692 1591 polluetur
1709 1549 1845 1590 usque
1866 1535 1922 1577 ad

94 1607 335 1650 vesperum.
359 1592 395 1620 ‘28
414 1593 472 1636 Et
496 1592 569 1648 qui
591 1592 833 1650 portaverit
858 1592 1166 1649 hujuscemodi
1193 1593 1431 1648 cadavera,
1462 1593 1633 1636 lavabit
1658 1594 1920 1637 vestimenta

91 1667 188 1707 sua,
219 1657 264 1696 et
298 1652 554 1695 immundus
584 1652 665 1696 erit
698 1666 834 1708 usque
866 1651 924 1695 ad
949 1666 1205 1709 vesperum,
1241 1652 1344 1708 quia
1377 1652 1526 1695 omnia
1562 1652 1659 1695 haec
1691 1652 1921 1696 immunda

92 1717 193 1754 sunt
214 1711 353 1754 vobis.

150 1769 186 1796 ”29
209 1771 320 1814 Haec
359 1784 529 1827 quoque
564 1770 680 1814 inter
716 1770 885 1828 polluta
917 1771 1239 1827 reputabuntur
1276 1770 1330 1814 de
1365 1770 1434 1813 his
1471 1784 1569 1826 quae
1607 1775 1839 1814 moventur
1878 1770 1923 1813 in

55 1865 63 1876 .,
91 1835 206 1872 terra
224 1847 232 1874 :
252 1829 442 1873 mustela
465 1835 508 1873 et
529 1844 626 1872 mus
649 1835 692 1873 et
714 1829 980 1885 crocodilus,
1003 1829 1180 1886 singula
1200 1829 1331 1885 juxta
1352 1843 1491 1885 genus
1512 1844 1656 1890 suum,
1673 1829 1710 1857 3⁰
1731 1830 1922 1887 mygale,

91 1894 134 1932 et
167 1888 464 1944 chamaeleon,
499 1893 542 1932 et
574 1888 740 1945 stellio,
775 1894 818 1932 et
850 1889 1038 1945 lacerta,
1073 1894 1115 1932 et
1149 1889 1296 1945 talpa3
1324 1888 1358 1915 3¹
1383 1888 1531 1931 omnia
1564 1888 1660 1932 haec
1692 1888 1922 1932 immunda

92 1953 206 1991 sunt.
233 1948 314 1999 Qui
341 1948 539 2004 tetigerit
569 1948 803 1991 morticina
833 1962 1004 2004 eorum,
1031 1948 1288 1991 immundus
1311 1947 1393 1991 erit
1422 1962 1558 2003 usque
1581 1947 1639 1990 ad
1661 1963 1920 2005 vesperum;

92 2005 128 2033 3⁸²
145 2012 187 2050 et
215 2021 346 2064 super
370 2007 485 2064 quod
508 2007 718 2051 ceciderit
743 2007 984 2064 quidquam
1014 2007 1068 2051 de
1098 2007 1343 2051 morticinis
1373 2021 1542 2063 eorum,
1574 2007 1804 2064 polluetur,
1832 2012 1921 2049 tam

91 2080 168 2108 vas
190 2065 388 2121 ligneum
413 2071 457 2109 et
478 2066 814 2122 vestimentum,
842 2081 976 2123 quam
997 2066 1134 2124 pelles
1164 2072 1207 2110 et
1233 2066 1380 2109 cilicia
1400 2083 1409 2121 3
1437 2071 1481 2109 et
1504 2065 1550 2108 in
1580 2080 1854 2122 quocumque
1876 2066 1922 2109 fit

91 2139 219 2181 opus,
246 2125 473 2180 tingentur
501 2139 636 2181 aqua,
663 2130 707 2169 et
731 2126 901 2183 polluta
930 2131 1057 2170 erunt
1086 2140 1223 2182 usque
1247 2125 1305 2168 ad
1330 2139 1584 2182 vesperum,
1610 2130 1654 2168 et
1679 2125 1741 2168 sic
1771 2130 1921 2182 postea

91 2184 448 2239 mundabuntur;
476 2184 513 2211 33
529 2199 607 2227 vas
636 2189 787 2228 autem
816 2185 973 2241 fictile,
995 2185 1042 2228 in
1068 2185 1184 2242 quod
1210 2185 1366 2228 horum
1396 2184 1637 2240 quidquam
1664 2184 1780 2228 intro
1811 2184 1922 2227 ceci-

91 2243 225 2298 derit,
252 2243 484 2300 polluetur,
511 2248 554 2287 et
581 2243 748 2287 idcirco
776 2244 1078 2300 frangendum
1107 2250 1186 2288 est.
1214 2244 1250 2271 3⁴
1269 2244 1424 2288 Omnis
1450 2243 1595 2299 cibus,
1623 2257 1754 2299 quem
1780 2257 1922 2287 come-

91 2301 224 2359 detis,
259 2302 295 2345 si
325 2302 427 2345 fusa
456 2302 594 2346 fuerit
629 2317 759 2359 super
791 2317 892 2346 eum
923 2318 1059 2360 aqua,
1089 2303 1346 2347 immundus
1380 2302 1487 2357 erit;
1523 2307 1565 2346 et
1594 2316 1723 2345 omne
1751 2302 1922 2358 liquens

90 2361 205 2417 quod
230 2360 398 2404 bibitur
423 2361 477 2404 de
505 2361 710 2405 universo
730 2376 857 2416 vase,
886 2361 1168 2405 immundum
1194 2363 1290 2406 erit.
1317 2361 1353 2388 35
1372 2362 1430 2404 Et
1451 2361 1666 2417 quidquid
1692 2361 1746 2405 de
1773 2361 1922 2404 morti-

2027 484 2196 512 Volucres.

1994 1371 2038 1398 De
2073 1371 2231 1398 contactu

2001 1413 2226 1448 quadrupedis

2026 1457 2198 1486 immundi.

2038 1785 2195 1821 Reptilia.

91 2420 201 2463 cinis
222 2419 531 2476 hujuscemodi
554 2420 764 2464 ceciderit
784 2435 914 2477 super
930 2420 1055 2476 illud,
1078 2421 1361 2464 immundum
1384 2420 1465 2464 erit
1484 2436 1494 2465 :
1516 2420 1609 2463 sive
1632 2420 1809 2475 clibani,
1830 2420 1922 2463 sive
1984 2430 1990 2434 “

91 2479 402 2536 chytropodeS,
431 2479 729 2535 destruentur,
761 2485 804 2523 et
831 2480 1052 2523 immundi
1082 2485 1222 2524 erunt.
1248 2480 1285 2506 33
1306 2480 1471 2523 Fontes
1496 2494 1599 2523 vero
1624 2484 1668 2522 et
1697 2479 1919 2534 cisternae,

89 2544 133 2581 et
161 2538 304 2582 omnis
332 2553 546 2594 aquarum
575 2539 861 2594 congregatio
890 2539 1056 2582 munda
1090 2539 1184 2583 erit.
1209 2538 1290 2589 Qui
1324 2538 1609 2582 morticinum
1638 2552 1788 2582 eorum
1823 2538 1921 2581 teti-

89 2597 222 2653 gerit,
257 2597 489 2655 polluetur.
520 2597 555 2625 37
576 2598 619 2642 Si
653 2598 863 2641 ceciderit
896 2612 1025 2655 super
1057 2602 1321 2653 sementem,
1357 2612 1445 2641 non
1478 2596 1646 2654 polluet
1679 2611 1791 2640 eam.
1819 2597 1854 2623 3⁸
1877 2597 1919 2641 Si

89 2662 239 2699 autem
272 2657 493 2714 quispiam
524 2672 639 2713 aqua
672 2663 915 2700 sementem
952 2657 1220 2714 perfuderit,
1256 2661 1299 2699 et
1332 2660 1485 2713 postea
1518 2655 1763 2699 morticinis
1801 2661 1919 2699 tacta

89 2715 247 2770 fuerit,
268 2716 389 2759 illico
415 2716 649 2773 polluetur.

147 2774 184 2801 39
203 2775 246 2819 Si
276 2781 500 2818 mortuum
528 2776 667 2819 fuerit
695 2775 884 2831 animal,
909 2775 1024 2832 quod
1053 2775 1159 2818 licet
1188 2775 1314 2819 vobis
1345 2774 1596 2830 comedere,
1623 2774 1697 2830 qui
1732 2774 1923 2818 cadaver

90 2833 187 2890 ejus
212 2834 429 2891 tetigerit,
452 2834 710 2878 immundus
736 2835 818 2878 erit
846 2849 984 2890 usque
1008 2834 1065 2877 ad
1087 2849 1321 2891 vesperum
1343 2851 1351 2889 3
1376 2833 1412 2860 4⁰
1430 2839 1474 2877 et
1499 2833 1573 2889 qui
1600 2833 1841 2877 comederit
1868 2847 1922 2876 ex

89 2907 139 2935 eo
165 2893 414 2950 quippiam,
447 2894 542 2937 sive
570 2894 833 2951 portaverit,
864 2893 1034 2937 lavabit
1064 2893 1330 2937 vestimenta
1356 2907 1455 2948 sua,
1484 2898 1526 2936 et
1554 2892 1813 2935 immundus
1840 2892 1920 2936 erit

91 2966 226 3007 usque
246 2953 304 2995 ad
329 2967 575 3010 vesperum.

147 3011 180 3037 ⁴¹
203 3011 344 3055 Omne
373 3012 489 3067 quod
510 3018 657 3069 reptat
677 3027 808 3070 super
832 3017 1017 3068 terram,
1039 3011 1342 3055 abominabile
1369 3011 1471 3067 erit,
1494 3026 1576 3054 nec
1600 3016 1851 3055 assumetur
1874 3011 1918 3053 in

89 3070 251 3113 cibum.
266 3070 303 3096 42
313 3071 537 3127 Quidquid
555 3086 686 3129 super
702 3077 856 3129 pectus
875 3071 1124 3128 quadrupes
1142 3071 1356 3127 graditur,
1375 3075 1420 3114 et
1438 3070 1600 3113 multos
1619 3070 1755 3114 habet
1773 3069 1918 3126 pedes.

88 3128 181 3172 sive
202 3144 280 3186 per
299 3130 487 3172 humum
504 3131 707 3187 trahitur,
736 3145 823 3174 non
846 3130 1108 3186 comedetis,
1136 3131 1238 3186 quia
1260 3129 1561 3173 abominabile
1587 3136 1666 3173 est.

147 3187 183 3214 ⁴3
202 3188 352 3232 Nolite
373 3189 678 3233 contaminare
698 3190 871 3233 animas
890 3195 1071 3244 vestras,
1090 3204 1172 3232 nec
1194 3189 1390 3245 tangatis
1413 3188 1656 3245 quidquam
1678 3202 1842 3243 eorum,
1866 3203 1920 3231 ne

87 3246 308 3290 immundi
334 3247 444 3291 sitis.
464 3248 500 3275 4⁴
518 3249 615 3305 Ego
633 3249 753 3292 enim
778 3264 876 3292 sum
902 3248 1120 3292 Dominus
1143 3249 1263 3292 Deus
1280 3253 1450 3303 vester3
1474 3248 1617 3290 sancti
1637 3252 1796 3295 estote,
1818 3247 1917 3302 quia

89 3320 170 3361 ego
195 3312 374 3350 sanctus
406 3321 518 3350 sum.
546 3309 614 3351 Ne
647 3308 856 3365 polluatis
886 3308 1059 3351 animas
1081 3314 1250 3351 vestras
1282 3307 1329 3350 in
1355 3307 1474 3350 omni
1501 3306 1648 3363 reptili
1680 3306 1794 3362 quod
1829 3319 1918 3348 mo-

90 3370 216 3407 vetur
243 3380 374 3423 super
401 3371 578 3410 terram.
606 3367 642 3394 45
664 3367 762 3424 Ego
792 3367 911 3410 enim
941 3381 1039 3410 sum
1069 3366 1307 3421 Dominus,
1336 3366 1409 3422 qui
1444 3366 1576 3409 eduxi
1606 3380 1683 3408 vos
1717 3365 1770 3408 de
1805 3371 1918 3407 terra

90 3422 299 3481 AEgypti,
326 3431 375 3468 ut
397 3439 538 3469 essem
559 3426 686 3469 vobis
711 3427 757 3468 in
781 3427 938 3469 Deum.
964 3426 1113 3470 Sancti
1137 3426 1279 3481 eritis,
1303 3425 1406 3482 quia
1428 3439 1511 3481 ego
1532 3430 1711 3467 sanctus
1737 3438 1848 3466 sum.

149 3481 186 3508 43
202 3484 297 3525 Ista
323 3490 389 3527 est
410 3484 484 3527 lex
504 3485 802 3528 animantium
828 3499 880 3528 ac
902 3484 1153 3541 volucrum,
1174 3489 1217 3528 et
1240 3484 1383 3528 omnis
1404 3484 1567 3526 animae
1587 3482 1800 3537 viventis,
1821 3496 1918 3538 quae

89 3682 138 3715 44]
155 3681 169 3708 I
184 3681 273 3710 Petr.
288 3682 322 3718 1,
339 3685 384 3712 16.

1992 2787 2037 2813 De
2071 2785 2232 2814 cadavere

2034 2828 2188 2858 animalis

2049 2873 2174 2902 mundi.

2018 3015 2147 3041 Iterum
2165 3013 2204 3041 de

2017 3056 2203 3090 reptilibus.

2004 3196 2215 3225 Commenda-

2016 3240 2064 3269 tio
2083 3239 2204 3268 sancti-

2064 3284 2156 3313 tatis.

2004 3489 2215 3522 Recapitula-

2081 3533 2139 3561 tio.
