2456 3861
156 747 266 776 Prima

119 791 299 825 expeditio.

135 1041 287 1070 Secunda

117 1085 298 1119 expeditio.

155 1224 268 1253 Tertia

116 1269 298 1302 expeditio,

95 1582 253 1611 Plurimae
266 1590 319 1610 ur-

105 1627 162 1655 bes
180 1625 310 1654 territae

134 1677 170 1699 se
187 1671 280 1698 ultro

130 1715 290 1744 subdunt.

116 2298 290 2327 Ferocitas

101 2342 307 2373 HoloferniS.

105 3369 296 3403 Apparatus

146 3413 260 3442 bellici
281 3443 283 3445 .

98 3458 302 3487 Judaeorum.

401 99 487 142 430
1005 100 1184 142 JUDITH
1217 101 1288 156 11,
1324 103 1350 145 s
1383 129 1441 135 —
1472 104 1554 158 iv,
1587 105 1626 148 4.

399 268 540 311 millia
566 267 766 323 peditum
794 273 1117 324 pugnatorum,
1147 275 1191 312 et
1220 271 1418 327 equitum
1447 274 1781 330 sagittariorum
1811 275 2046 318 duodecim
2078 278 2244 323 millia-

399 327 415 354 8
438 327 712 382 Omnemque
734 326 1062 383 expeditionem
1083 343 1210 371 suam
1232 330 1342 374 fecit
1363 332 1522 388 praeire
1548 332 1595 375 in
1617 333 1905 377 multitudine
1932 334 2236 380 innumerabi-

397 386 507 428 lium
529 385 816 439 camelorum,
837 400 937 428 cum
966 386 1033 429 his
1056 402 1154 443 quae
1177 389 1444 434 exercitibus
1470 392 1729 436 sufficerent
1751 393 1945 449 copiose,
1968 393 2105 437 boum
2125 410 2246 451 quo-

398 459 480 500 que
501 450 722 501 armenta,
746 459 989 501 gregesque
1012 447 1181 503 ovium,
1205 462 1390 503 quorum
1421 465 1507 493 non
1534 457 1627 494 erat
1656 465 1878 495 numerus.
1902 452 1920 478 9
1941 453 2241 498 Frumentum

397 518 451 547 ex
481 504 599 547 omni
628 505 751 560 Syria
772 505 818 546 in
841 505 1030 548 transitu
1052 520 1130 549 suo
1156 508 1300 564 parari
1327 510 1570 553 constituit.
1600 509 1635 536 ¹0
1653 512 1825 553 Aurum
1855 526 1979 566 vero,
2007 517 2050 555 et
2079 517 2246 569 argen--

396 568 491 605 tum
514 562 567 606 de
598 563 727 606 domo
757 563 874 619 regis
902 566 1143 622 assumpsit
1172 567 1364 610 multum
1393 569 1538 613 nimis.
1568 569 1599 595 ¹¹
1622 571 1679 612 Et
1708 571 1937 626 profectus
1967 577 2033 615 est
2065 571 2160 628 ipse
2192 578 2247 616 et

396 622 538 665 omnis
562 623 781 666 exercitus
804 637 905 666 cum
928 624 1177 682 quadrigis,
1201 632 1244 669 et
1274 628 1517 685 equitibus,
1543 633 1585 672 et
1611 629 1876 686 sagitt-ariis,
1900 630 1974 686 qui
2001 628 2247 688 0001101110--Δ

394 686 498 724 runt
519 682 685 725 faciem
706 687 834 726 terrae
858 683 973 726 sicut
994 684 1191 730 locustae.

456 739 491 766 ¹²
521 741 719 797 Cumque
755 742 1066 798 pertransisset
1102 745 1210 788 fines
1243 745 1549 804 Assyriorum,
1587 746 1708 792 venit
1740 748 1797 791 ad
1835 763 2022 805 magnos
2063 756 2246 795 montes·-

395 800 544 856 Ange,
569 801 642 856 qui
668 807 771 843 sunt
795 816 820 844 a
842 802 1020 846 sinistro
1047 803 1237 860 Ciliciae,
1268 807 1558 862 ascenditque
1588 808 1736 850 omnia
1767 809 1951 851 castella
1986 823 2158 866 eorum,
2192 816 2237 853 et

396 859 587 902 obtinuit
617 874 793 904 0111110111
825 862 1132 906 munitionem.
1165 862 1200 890 ¹3
1218 864 1412 921 Effregit
1441 872 1591 909 autem
1621 867 1850 911 civitatem
1881 868 2243 925 opinatissimam.

395 919 593 975 Melothi,
616 920 922 977 praedavitque
942 936 1091 965 01111103
1110 922 1222 965 111103
1241 924 1434 980 Τ1101313,
1454 931 1497 968 01
1515 925 1627 968 111103
1647 927 1824 982 13111001,
1845 928 1918 983 qui
1938 933 2063 971 erant
2082 933 2245 972 contra.

394 978 560 1022 faciem
585 979 766 1033 deserti,
789 986 832 1023 et
853 980 909 1023 ad
932 986 1130 1023 austrum
1152 987 1281 1025 terrae
1307 984 1475 1027 Cellon.

455 1037 490 1064 ¹4
508 1040 565 1081 Et
594 1039 800 1082 transivit
831 1040 1108 1096 Euphraten,
1135 1046 1178 1084 et
1200 1042 1322 1085 venit
1346 1043 1393 1084 in
1415 1044 1812 1101 Mesopotamiam3
1838 1050 1881 1088 et
1909 1045 2048 1101 fregit
2082 1061 2237 1091 omnes

394 1097 598 1141 civitates
622 1099 839 1156 excelsas,
861 1112 959 1154 quae
978 1105 1103 1142 erant
1124 1099 1207 1157 ibi,
1227 1115 1253 1143 a
1272 1106 1465 1146 torrente
1484 1102 1687 1146 Mambre
1704 1116 1931 1160 usquequo
1950 1106 2246 1160 perveniatur

393 1157 450 1200 ad
476 1172 608 1200 mare.

454 1215 489 1243 ¹5
508 1218 565 1259 Et
587 1218 823 1274 occupavit
845 1219 1055 1263 terminos
1078 1220 1175 1276 ejus
1200 1235 1226 1262 a
1249 1221 1408 1265 Cilicia
1432 1236 1571 1278 usque
1591 1222 1649 1265 ad
1671 1223 1780 1266 fines
1800 1224 1828 1266 J
1832 1223 2012 1280 apheth,
2037 1224 2110 1280 qui
2133 1230 2238 1268 sunt

393 1276 448 1319 ad
471 1287 695 1331 austrum,
724 1277 756 1303 16
773 1278 1049 1334 abduxitque
1073 1293 1222 1323 omnes
1245 1280 1359 1323 filios
1382 1281 1581 1337 Madian,
1605 1287 1648 1325 et
1673 1282 1894 1338 praedavit
1918 1297 2094 1327 omnem
2115 1283 2245 1328 locu--

393 1336 681 1392 pletationem
711 1351 882 1392 eorum,
914 1352 1152 1394 omnesque
1184 1340 1438 1383 resistentes
1468 1341 1552 1383 sibi
1583 1341 1748 1384 occidit
1776 1341 1822 1383 in
1851 1356 1923 1385 ore
1946 1342 2099 1398 gladii.
2123 1341 2158 1370 ¹⁷
2178 1345 2238 1387 Et

393 1400 492 1451 post
519 1395 615 1438 haec
649 1395 879 1439 descendit
911 1397 959 1439 in
993 1411 1172 1455 campos
1206 1399 1417 1442 Damasci
1445 1400 1493 1442 in
1528 1400 1682 1444 diebus
1719 1401 1896 1457 messis,
1930 1407 1973 1445 et
2006 1403 2237 1446 succendit

393 1454 541 1497 omnia
562 1459 680 1511 sata,
704 1469 942 1512 omnesque
970 1457 1149 1500 arbores
1178 1463 1222 1501 et
1250 1459 1403 1502 vineas
1433 1459 1545 1502 tecit
1577 1459 1741 1515 incidi3
1775 1460 1812 1487 18
1829 1465 1872 1504 01
1907 1460 2069 1504 00011111
2104 1462 2248 1505 timor·

391 1513 513 1557 illius
533 1529 664 1571 super
686 1529 837 1559 omnes
863 1516 1167 1560 inhabitantes
1189 1522 1366 1562 terram.

452 1573 559 1617 CAP.
594 1574 684 1617 HI.
715 1600 774 1606 ——
805 1574 818 1600 ¹
846 1576 972 1618 Tunc
1006 1576 1220 1619 miserunt
1258 1578 1429 1632 legatos
1462 1591 1587 1634 suos,
1626 1579 1935 1623 universarum
1972 1580 2149 1623 urbium
2183 1594 2243 1625 ac·

392 1633 722 1690 provinciarum
751 1649 878 1690 reges
908 1648 960 1677 00
985 1635 1229 1691 principes,
1258 1637 1396 1691 Syriae
1426 1637 1597 1679 scilicet
1627 1639 1985 1695 Mesopotamiae,
2017 1645 2060 1683 et
2095 1639 2245 1697 Syfiae«

393 1693 545 1748 Sobal,
570 1699 613 1735 et
643 1693 799 1749 Libyae
826 1699 957 1750 atque
980 1694 1171 1750 Ciliciae,
1195 1695 1268 1750 qui
1291 1695 1520 1739 venientes
1548 1696 1607 1739 ad
1637 1697 1957 1754 Holofernem,
1991 1698 2200 1742 dixerunt
2223 1715 2237 1743 τ

340 1805 343 1809 Α
392 1750 410 1777 9
429 1752 614 1795 Desinat
635 1752 890 1808 ¹indignatio
911 1759 987 1796 tua
1006 1754 1124 1797 circa
1150 1769 1253 1809 nos3
1283 1755 1440 1797 melius
1460 1760 1526 1798 est
1548 1756 1667 1798 enim
1689 1761 1738 1799 ut
1759 1757 1961 1800 viventes
1987 1758 2237 1802 serviamus

394 1811 813 1867 Nabuchodonosor,
841 1812 933 1868 regi
961 1827 1144 1868 magno,
1169 1819 1212 1856 et
1233 1814 1401 1856 subditi
1427 1814 1565 1857 simus
1587 1815 1691 1871 tibi,
1716 1830 1849 1872 quam
1875 1817 2112 1860 morientes
2132 1832 2236 1861 cum

391 1870 573 1914 interitu
612 1876 759 1914 nostro
799 1871 884 1927 ipsi
919 1872 1144 1915 servitutis
1179 1878 1341 1916 nostrae
1376 1873 1540 1915 damna
1577 1875 1814 1930 patiamur.
1845 1875 1863 1902 3
1885 1876 2040 1919 Omnis
2075 1877 2241 1921 civitas>

393 1936 580 1985 nostra,
608 1931 837 1986 omnisque
882 1931 1123 1987 possessio,
1170 1946 1322 1975 omnes
1367 1937 1565 1989 montes,
1607 1939 1650 1976 et
1691 1934 1850 1990 eolles,
1893 1939 1935 1977 et
1978 1936 2148 1992 campi,
2191 1942 2239 1980 01.

391 1996 592 2032 0111101110
629 1990 783 2045 11011111,
818 2004 1061 2046 gregesque
1092 1991 1243 2034 ovium
1274 1997 1317 2034 et
1346 2005 1601 2048 caprarum,
1637 2007 1936 2049 equorumque
1966 1999 2010 2038 et
2043 1995 2246 2039 camelo--

390 2063 509 2103 rum,
548 2055 590 2092 et
627 2049 844 2092 universae
881 2050 1124 2093 facultates
1161 2056 1346 2106 nostrae,
1379 2057 1513 2106 atque
1548 2051 1760 2108 familiae,
1795 2053 1842 2095 in
1880 2059 2120 2111 conspectu
2156 2060 2245 2097 tuo*

390 2113 504 2151 sunt.
536 2108 551 2134 4
571 2108 667 2151 Sint
701 2109 850 2151 omnia
883 2114 1033 2152 nostra
1063 2110 1144 2152 sub
1182 2110 1280 2166 lege
1314 2115 1404 2153 tua.
1439 2111 1456 2137 ⁵
1480 2111 1591 2167 Nos,
1627 2117 1670 2155 et
1706 2112 1787 2154 filii
1824 2113 1984 2169 nostri,
2019 2113 2134 2157 servi
2167 2114 2236 2156 tui

390 2180 555 2210 sumus.
579 2168 596 2194 ὓ
614 2168 728 2211 Veni
751 2168 878 2211 nobis
901 2169 1113 2225 pacificus
1136 2169 1364 2225 dominus,
1388 2175 1431 2213 et
1457 2175 1579 2213 utere
1601 2171 1781 2214 servitio
1803 2177 1974 2227 nostro,
1999 2172 2113 2215 sicut
2138 2173 2233 2230 pla-

390 2227 529 2270 cuerit
555 2227 650 2270 tibi.

449 2286 463 2312 7
482 2288 606 2330 Tunc
629 2288 858 2332 descendit
881 2288 935 2331 de
961 2288 1187 2332 montibus
1215 2302 1315 2331 cum
1339 2289 1562 2345 equitibus
1588 2289 1634 2332 in
1656 2289 1820 2334 virtute
1842 2305 2030 2347 magna,
2052 2296 2096 2334 et
2117 2291 2231 2335 obti-

389 2346 487 2389 nuit
521 2361 696 2390 omnem
734 2348 964 2391 civitatem
1001 2354 1044 2391 et
1082 2362 1259 2391 omnem
1296 2348 1626 2392 inhabitantem
1662 2355 1840 2393 temam.
1871 2349 1888 2376 8
1913 2352 1978 2393 De
2013 2350 2243 2394 universis:

388 2411 539 2448 autem
565 2406 747 2449 urbibus
773 2407 1014 2464 assumpsit
1039 2408 1123 2450 sibi
1149 2407 1408 2451 auxiliarios
1434 2408 1552 2451 viros
1586 2408 1747 2464 fortes,
1774 2414 1818 2452 et
1852 2409 2014 2452 electos
2047 2410 2103 2453 011
2138 2411 2229 2453 bel-

388 2464 494 2507 lum.
522 2464 539 2491 9
557 2466 812 2522 Tantusque
841 2473 984 2510 metus
1010 2466 1251 2524 provinciis
1280 2467 1371 2510 illis
1396 2467 1621 2524 incubuit,
1645 2473 1695 2510 ut
1717 2468 2023 2511 universarum
2053 2469 2230 2512 urbium

388 2524 682 2580 habitatores,
718 2526 938 2582 principes
977 2531 1020 2569 et
1056 2527 1259 2568 honorati
1297 2526 1431 2569 simul
1469 2541 1570 2570 cum
1607 2527 1806 2584 populis,
1841 2527 2012 2571 exirent
2050 2528 2231 2571 obviam

389 2584 605 2640 venienti,
627 2584 663 2610 ¹⁰
676 2585 947 2642 excipientes
967 2599 1068 2629 eum
1095 2600 1197 2628 cum
1221 2586 1413 2643 coronis,
1437 2593 1481 2629 et
1502 2586 1808 2643 lampadibus,
1836 2586 2047 2630 ducentes
2075 2588 2231 2631 choros

387 2643 433 2685 in
456 2644 681 2700 tympanis
707 2650 750 2687 et
775 2644 912 2687 tibiis.
933 2644 966 2670 ¹¹
987 2646 1029 2688 N
1032 2659 1081 2688 00
1105 2645 1193 2687 ista
1216 2651 1366 2688 tamen
1391 2646 1632 2702 facientes,
1652 2646 1934 2689 ferocitatem
1961 2646 2057 2702 ejus
2080 2653 2229 2703 pecto-

387 2702 446 2745 ris
488 2702 694 2759 mitigare
727 2709 990 2760 potuerunt,
1031 2703 1066 2730 ¹²
1088 2719 1193 2746 nam
1230 2710 1273 2748 ct
1314 2705 1518 2749 civitates
1558 2717 1709 2748 eorum-
1745 2705 1988 2761 destruxit,
2023 2711 2066 2749 et
2106 2706 2240 2750 lucos-

388 2776 537 2804 eorum
572 2762 763 2818 excidit,
797 2763 833 2789 ¹⁸
850 2769 1122 2821 praeceperat
1159 2764 1278 2806 enim
1311 2764 1377 2807 illi
1413 2764 1823 2808 Nabuchodonosor
1858 2779 1954 2820 rex,
1990 2770 2038 2807 ut
2075 2780 2238 2810 omnes-

388 2820 491 2864 deos
524 2827 652 2864 terrae
685 2823 1021 2879 exterminaret,
1051 2823 1264 2866 videlicet
1300 2829 1349 2866 ut
1384 2824 1480 2881 ipse
1516 2824 1635 2868 solus
1669 2824 1887 2867 dicemtur
1925 2824 2031 2868 deus
2068 2825 2125 2867 ab
2158 2825 2227 2868 his

387 2879 642 2924 nationibus
669 2896 767 2937 quae
797 2882 1044 2938 potuissent
1073 2882 1334 2926 Holofernis
1364 2883 1564 2940 potentia
1586 2883 1830 2939 subjugari.
1860 2883 1894 2909 11
1922 2884 2227 2928 Ρο111011310113

387 2945 535 2983 autem
566 2941 740 2997 Syriam
756 2941 912 2997 Sobal,
944 2948 987 2985 et
1017 2955 1193 2985 omnem
1224 2943 1496 2998 Apameam,
1535 2956 1797 2998 omnemque
1831 2943 2228 2999 Mesopotamiam,

389 2998 509 3041 venit
530 2999 586 3041 ad
611 3000 836 3043 Idumaeos
858 3000 903 3043 in
925 3006 1089 3044 terram
1108 3001 1283 3057 Gabaa,
1305 3001 1340 3028 ¹5
1354 3002 1614 3059 accepitque
1636 3001 1840 3045 civitates
1863 3016 2026 3057 eorum,
2047 3008 2090 3045 et
2111 3003 2227 3046 sedit

386 3056 449 3099 ibi
474 3071 550 3113 per
573 3058 757 3114 triginta
784 3059 897 3116 dies,
924 3060 971 3102 111
993 3060 1152 3117 quibus
1179 3060 1333 3104 diebus
1362 3061 1550 3104 adunari
1579 3060 1792 3118 praecepit
1816 3061 2073 3104 universum
2103 3075 2229 3105 exer-

387 3115 525 3158 citum
550 3117 729 3159 virtutis
753 3132 858 3161 suae.

685 3239 708 3296 ξ
743 3240 833 3283 ΠΙ.
859 3267 918 3271 -
945 3242 1098 3284 Judaei
1130 3243 1420 3298 defensionem
1452 3245 1717 3287 acer-rimam
1741 3249 1922 3298 parant.

446 3355 552 3398 CAP.
585 3355 665 3398 IV.
691 3381 750 3388 —
776 3354 788 3380 ¹
813 3355 937 3397 Tunc
962 3356 1193 3399 audientes
1220 3358 1316 3401 haeo
1343 3358 1422 3401 filii
1451 3358 1608 3414 Israel,
1640 3357 1713 3414 qui
1740 3357 2008 3401 habitabant
2033 3358 2082 3401 in
2107 3364 2223 3402 terra

387 3415 414 3457 J
421 3414 526 3469 uda,
562 3414 804 3457 timuerunt
837 3414 968 3457 valde
999 3429 1025 3457 a
1065 3416 1184 3459 facie
1221 3417 1330 3472 ejus.
1361 3416 1578 3461 ΩΤι’011101·
1610 3422 1653 3460 01
1690 3416 1840 3459 horror
1871 3418 2037 3460 invasit
2069 3432 2226 3461 sensus

388 3487 557 3527 eorum,
584 3487 638 3516 ne
663 3473 746 3516 hoc
767 3473 939 3516 faceret
965 3474 1213 3517 Jerusalem
1240 3481 1282 3519 et
1308 3476 1474 3533 templo
1502 3475 1703 3531 Domini,
1728 3476 1843 3531 quod
1869 3477 2039 3520 fecerat
2065 3477 2232 3520 ceteris-

388 3531 644 3574 civitatibus
668 3538 711 3575 et
734 3532 912 3589 templis
937 3547 1101 3576 earum.
1128 3533 1145 3560 3
1164 3535 1221 3576 Et
1243 3535 1458 3578 miserunt
1486 3534 1532 3577 in
1563 3548 1738 3578 omnem
1763 3536 2013 3578 Samariam
2038 3550 2115 3592 per
2139 3535 2225 3578 cir-

388 3589 556 3632 cuitum
579 3605 714 3647 usque
737 3590 762 3634 J
769 3591 938 3646 ericho,
965 3597 1009 3634 et
1034 3599 1458 3650 praeoccupaverunt
1483 3607 1634 3637 omnes
1661 3593 1848 3637 vertices
1874 3594 2118 3651 montium;
2142 3593 2159 3621 4
2176 3598 2232 3637 et.
