2456 3861
104 1423 136 1450 et
154 1426 277 1453 inagna

133 1465 254 1492 clades.

124 2078 275 2108 Ezechiae

127 2123 269 2157 sanatio,

92 2167 283 2196 huminatio
294 2188 301 2202 ‚

79 2430 115 2457 et
150 2431 321 2462 postrema

147 2473 250 2500 facta.

121 3139 298 3168 Conclusio

155 3190 260 3217 regni.

375 128 462 171 438
977 123 1025 165 II
1059 123 1170 165 PAR.
1206 121 1412 176 XXXII,
1451 122 1612 165 13-33.
2089 141 2108 158 ι

376 297 449 353 qui
484 294 700 338 destruxit
729 293 904 337 excelsa
932 292 1073 347 illius,
1105 297 1148 334 et
1180 291 1359 347 altaria,
1394 297 1437 335 et
1466 291 1678 348 praecepit
1712 291 1831 333 Juda
1862 296 1905 333 et
1941 291 2213 345 Jerusalem,

377 356 526 398 dicens
559 371 567 397 :
602 354 760 397 Coram
791 352 921 394 altari
950 365 1038 394 uno
1070 349 1335 406 adorabitis,
1369 356 1413 394 et
1443 351 1490 393 in
1522 351 1617 407 ipso
1647 349 1914 393 comburetis
1951 348 2210 392 incensum?

378 414 412 439 ¹3
436 414 508 455 An
529 412 744 468 ignoratis
768 426 867 467 quae
885 424 966 465 ego
988 409 1193 464 fecerim,
1214 414 1258 452 et
1275 414 1420 466 patres
1443 410 1550 465 mei,
1571 408 1742 453 cunctis
1764 413 1980 451 terrarum
2005 407 2179 464 populis
2191 407 2212 449 ἱ)

377 471 603 527 Numquid
634 471 963 527 praevaluerunt
997 468 1058 511 dii
1092 468 1314 524 gentium,
1346 469 1631 525 omniumque
1663 473 1900 523 terrarum,
1931 466 2120 510 liberare
2148 481 2215 509 re-

375 531 551 587 gionem
573 545 698 573 suam
721 530 775 572 de
804 544 938 571 manu
964 527 1094 571 mea?
1129 527 1164 553 1-1
1190 528 1294 578 Quis
1324 533 1389 571 est
1418 528 1472 571 de
1505 526 1720 570 universis
1754 526 1839 569 diis
1872 525 2074 581 gentium
2107 540 2218 581 quas

375 595 663 633 vastaverunt
688 594 834 645 patres
857 587 965 643 mei,
990 587 1063 643 qui
1089 587 1282 644 potuerit
1303 601 1452 630 eruere
1477 586 1689 643 populum
1714 600 1843 629 suum
1866 585 1920 628 de
1941 599 2075 627 manu
2102 599 2216 640 mea,

375 654 424 691 ut
447 649 585 705 possit
607 648 741 691 etiam
771 649 890 690 Deus
916 652 1060 690 vester
1084 660 1234 690 eruere
1254 661 1331 690 vos
1359 645 1413 689 de
1437 646 1521 688 hac
1544 645 1707 688 manu?
1732 644 1766 671 15
1789 645 1890 687 Non
1915 658 1993 686 vos
2012 657 2115 700 ergo
2142 643 2217 687 de-

376 708 512 764 cipiat
537 708 778 762 Ezechias,
803 721 882 750 nec
908 721 1024 748 vana
1045 705 1327 762 persuasione
1346 705 1552 759 deludat3
1575 718 1716 760 neque
1738 703 1928 747 credatis
1954 703 2007 746 ei.
2031 703 2075 746 Si
2097 702 2217 746 enim

375 767 523 810 nullus
550 766 694 823 potuit
720 766 828 809 deus
856 771 1117 809 cunctarum
1141 765 1343 820 gentium
1367 769 1500 820 atque
1525 778 1759 820 regnorum
1786 763 1974 805 liberare
2003 761 2218 819 populum

376 841 505 870 suum
531 826 585 869 de
608 840 741 868 manu
763 840 883 881 mea,
911 830 954 868 et
980 824 1034 868 de
1059 839 1194 867 manu
1219 829 1395 880 patrum
1418 837 1635 879 meorum,
1656 827 1974 878 consequenter
1995 835 2076 864 nec
2096 821 2219 864 Deus

376 891 521 929 vester
546 885 706 941 poterit
738 899 887 928 eruere
912 898 989 927 vos
1016 883 1070 927 de
1103 898 1237 926 manu
1267 897 1378 925 mea.
1403 881 1438 908 ¹⁶
1463 882 1549 925 Sed
1583 887 1626 925 et
1654 882 1743 924 alia
1772 881 1914 924 multa
1947 879 2084 924 locuti
2114 884 2220 922 sunt

377 945 490 988 servi
521 945 618 1000 ejus
652 941 804 987 contra
834 943 1076 986 Dominum
1114 943 1277 997 Deum,
1317 946 1360 984 et
1400 946 1552 984 contra
1590 940 1850 996 Ezechiam,
1890 954 2066 983 servum
2103 938 2218 995 ejus.

379 1003 412 1030 17
440 1003 664 1060 Epistolas
691 1017 861 1059 quoque
883 1002 1058 1059 scripsit
1080 1001 1232 1057 plenas
1254 1000 1545 1056 blasphemiae
1563 999 1609 1042 in
1629 1000 1870 1043 Dominum
1891 1000 2034 1042 Deum
2061 998 2217 1053 Israel,

378 1069 421 1107 et
446 1063 619 1106 locutus
645 1068 710 1106 est
735 1062 946 1105 adversus
972 1075 1071 1104 eum
1094 1075 1103 1103 :
1134 1060 1255 1104 Sicut
1281 1059 1341 1102 dii
1367 1059 1569 1115 gentium
1595 1064 1840 1102 ceterarum
1866 1073 1953 1101 non
1978 1062 2218 1115 potuerunt

377 1123 564 1165 liberare
593 1122 805 1179 populum
834 1135 962 1163 suum
995 1120 1049 1163 de
1082 1134 1216 1162 manu
1249 1133 1366 1174 mea,
1397 1118 1459 1161 sic
1486 1123 1528 1161 et
1558 1118 1677 1160 Deus
1710 1118 1914 1160 Ezechiae
1948 1131 2097 1161 eruere
2129 1131 2217 1159 non

378 1181 538 1238 poterit
563 1180 774 1237 populum
797 1194 923 1222 suum
948 1179 1002 1222 de
1023 1193 1158 1220 manu
1186 1178 1286 1220 ista.
1318 1177 1352 1204 ¹⁸
1377 1178 1584 1233 Insuper,
1616 1182 1658 1220 et
1692 1176 1884 1220 clamore
1916 1190 2100 1232 magno,
2133 1175 2221 1218 lin-

378 1255 466 1296 gua
488 1240 667 1295 judaica
692 1244 844 1282 contra
866 1238 1080 1295 populum
1106 1237 1179 1293 qui
1202 1237 1384 1280 sedebat
1412 1236 1458 1278 in
1492 1237 1629 1278 muris
1655 1236 1903 1279 Jerusalem
1930 1234 2216 1292 personabat,

378 1304 426 1341 ut
448 1304 628 1342 terreret
651 1313 744 1354 θοε,
772 1303 815 1341 θῖ
840 1302 1017 1354 caperet
1039 1296 1280 1340 civitatem.
1316 1296 1351 1322 19
1375 1297 1657 1351 Locutusque
1690 1300 1757 1339 est
1786 1300 1938 1338 contra
1973 1296 2118 1338 Deum
2143 1294 2220 1337 Je-
2273 1291 2276 1295 ’

378 1359 590 1414 rusalem,
614 1358 728 1401 sicut
749 1357 986 1401 adversum
1009 1356 1112 1399 deos
1134 1355 1397 1413 populorum
1418 1360 1567 1411 terrae,
1588 1369 1719 1411 opera
1741 1369 1955 1397 manuum
1972 1353 2219 1397 hominum.

438 1417 474 1443 *2⁰
500 1418 747 1461 oraverunt
783 1417 919 1472 igitur
956 1415 1170 1459 Ezechias
1203 1430 1300 1471 rex,
1336 1420 1378 1458 et
1411 1414 1573 1470 IsaiaS,
1609 1414 1725 1456 filius
1758 1414 1918 1470 Amos,
1961 1412 2219 1470 propheteS,

379 1477 615 1521 adversum
645 1477 760 1519 hanc
789 1475 1135 1532 blasphemiam,
1161 1489 1213 1518 ac
1242 1474 1477 1517 vociferati
1510 1479 1613 1516 sunt
1642 1488 1779 1529 usque
1810 1473 1857 1515 in
1887 1473 2061 1516 caelum.
2095 1471 2129 1498 91
2161 1472 2223 1514 Εῖ

380 1537 501 1579 misit
527 1536 745 1579 Dominus
770 1535 1003 1591 angelum,
1027 1534 1100 1590 qui
1123 1533 1338 1590 percussit
1360 1547 1535 1576 omnem
1565 1533 1710 1575 virum
1731 1533 1981 1588 robustum,
2010 1537 2052 1575 et
2080 1531 2221 1575 bella-

380 1601 540 1651 torem,
576 1601 617 1638 et
655 1594 901 1652 principem
938 1593 1156 1637 exercitus
1194 1593 1309 1649 regis
1342 1592 1651 1649 Assyriorum,
1687 1606 1974 1648 reversusque
2015 1596 2081 1634 θεῖ
2118 1605 2220 1633 cum

380 1655 625 1711 ignominia
654 1655 700 1696 in
730 1659 891 1697 terram
920 1667 1059 1696 suam.
1094 1652 1292 1708 Cumque
1319 1651 1543 1707 ingressus
1573 1656 1687 1694 esset
1717 1650 1898 1693 domum
1928 1650 1997 1693 dei
2027 1650 2116 1705 sui,
2140 1649 2219 1692 filii

382 1714 455 1771 qui
478 1713 641 1770 egressi
665 1713 843 1756 fuerant
869 1712 923 1755 de
945 1717 1066 1755 utero
1094 1712 1190 1768 ejus
1211 1711 1532 1754 interfecerunt
1554 1725 1654 1753 eum
1677 1709 1840 1765 gladio.
1872 1708 1909 1735 99
1931 1709 2221 1764 Salvavitque

383 1773 598 1817 Dominus
626 1772 865 1815 Ezechiam
887 1777 930 1814 et
951 1771 1221 1814 habitatores
1245 1770 1493 1813 Jerusalem
1520 1769 1574 1812 de
1596 1784 1730 1811 manu
1761 1769 2080 1823 Sennacherib,
2103 1768 2222 1824 regis

381 1833 685 1889 Assyriorum,
709 1837 751 1874 et
774 1831 827 1874 de
850 1845 983 1873 manu
1006 1830 1227 1883 omnium3
1265 1835 1307 1872 et
1329 1829 1536 1886 praestitit
1562 1828 1624 1871 eis
1647 1828 1838 1884 quietem
1872 1843 1948 1885 per
1970 1827 2219 1871 circuitum.

382 1891 419 1918 93
440 1891 571 1934 Multi
599 1891 733 1934 etiam
764 1890 1026 1933 deferebant
1048 1889 1215 1932 hostias
1246 1894 1289 1932 et
1318 1887 1533 1931 sacrificia
1565 1887 1756 1930 Domino
1791 1887 1839 1930 in
1883 1886 2152 1942 Jerusalem,
2177 1891 2220 1929 et

381 1966 562 1994 munera
598 1950 821 2006 Ezechiae,
856 1949 948 2004 regi
984 1947 1122 2005 Juda,
1159 1947 1231 2004 qui
1266 1946 1486 1990 exaltatus
1521 1951 1586 1989 est
1618 1951 1717 2003 post
1745 1946 1842 1988 haec
1872 1960 2020 1989 coram
2050 1945 2222 1988 cunctis

381 2011 602 2066 gentibus,

441 2068 476 2095 94
498 2070 553 2111 In
576 2069 730 2112 diebus
759 2068 849 2111 illis
880 2068 1115 2124 aegrotavit
1148 2067 1363 2110 Ezechias
1393 2081 1530 2123 usque
1562 2065 1619 2109 ad
1650 2070 1857 2121 mortem,
1888 2070 1931 2109 et
1961 2065 2104 2109 oravit
2133 2065 2217 2108 Do—

332 2162 338 2169 ,
382 2130 575 2182 minum3
605 2128 921 2183 exaudivitque
943 2142 1063 2183 eum,
1091 2132 1134 2170 et
1157 2126 1279 2169 dedit
1300 2126 1339 2169 ei
1361 2125 1553 2182 signum.
1577 2124 1613 2152 95
1639 2125 1723 2169 Sed
1746 2139 1833 2168 non
1854 2124 1985 2180 juxta
2006 2123 2222 2168 beneficia

383 2203 481 2245 quae
502 2193 734 2244 acceperat
762 2187 986 2243 retribuit,
1018 2186 1120 2242 quia
1150 2186 1374 2229 elevatum
1403 2191 1469 2228 est
1498 2199 1572 2228 cor
1601 2184 1722 2241 ejus,
1755 2189 1799 2227 et
1819 2184 1944 2227 facta
1978 2188 2043 2227 est
2069 2188 2220 2227 contra

384 2262 484 2292 eum
508 2248 593 2303 ira,
625 2252 668 2290 et
701 2252 853 2290 contra
883 2247 910 2289 J
917 2246 1049 2289 udam
1080 2251 1123 2289 et
1144 2245 1408 2288 Jerusalem.
1439 2243 1476 2271 96
1499 2244 1864 2299 Humiliatusque
1886 2248 1951 2287 est
1973 2247 2146 2300 postea,
2170 2256 2222 2286 eo

384 2307 498 2363 quod
522 2306 768 2350 exaltatum
790 2305 951 2349 fuisset
984 2320 1057 2349 cor
1086 2305 1204 2362 ejus,
1230 2310 1322 2347 tam
1354 2304 1449 2361 ipse
1479 2318 1612 2360 quam
1643 2303 1915 2346 habitatores
1946 2301 2221 2357 Jerusalem;

383 2372 427 2410 et
447 2365 611 2409 idcirco
633 2380 719 2409 non
742 2365 864 2409 venit
885 2379 1014 2422 super
1035 2379 1107 2408 eos
1128 2365 1193 2406 ira
1216 2363 1396 2407 Domini
1417 2363 1464 2406 in
1487 2363 1641 2407 diebus
1667 2362 1885 2405 Ezechiae.

443 2424 478 2451 97
505 2425 610 2467 Fuit
636 2429 785 2468 autem
807 2424 1021 2467 Ezechias
1048 2424 1191 2479 dives,
1215 2429 1257 2467 et
1281 2423 1476 2479 inclytus
1498 2423 1651 2477 valde,
1688 2427 1731 2465 et
1763 2421 1990 2464 thesauros
2020 2420 2104 2463 sibi
2126 2419 2224 2477 plu·

384 2485 517 2528 rimos
544 2484 833 2540 congregavit
864 2483 1058 2539 argenti,
1086 2487 1129 2526 et
1160 2482 1276 2538 auri,
1304 2487 1348 2526 et
1368 2482 1530 2539 lapidis
1560 2481 1759 2539 pretiosi,
1782 2485 2051 2535 aromatum,
2083 2485 2126 2523 et
2154 2493 2224 2521 ar-

385 2559 556 2588 morum
586 2543 779 2587 universi
812 2543 1005 2599 generis,
1037 2548 1080 2586 et
1108 2557 1315 2585 vasorum
1344 2542 1495 2597 magni
1526 2540 1667 2598 pretii.
1697 2539 1734 2567 98
1762 2539 2017 2596 Apothecas
2051 2552 2225 2594 quoque

385 2603 621 2658 frumenti,
644 2603 758 2658 vini,
789 2608 832 2645 et
854 2602 958 2657 olei,
990 2607 1033 2645 et
1065 2601 1279 2658 praesepia
1309 2601 1507 2644 omnium
1539 2600 1862 2657 jumentorum,
1890 2598 2127 2654 caulasque
2149 2612 2224 2655 pe-

386 2677 557 2718 corum,
581 2661 618 2688 99
643 2668 686 2705 θῖ
715 2662 843 2705 urbes
877 2661 1117 2705 aedificavit
1145 2661 1254 2715 sibi3
1286 2660 1481 2703 habebat
1510 2660 1671 2716 quippe
1707 2672 1862 2715 greges
1897 2658 2046 2700 ovium
2077 2663 2119 2701 et
2155 2671 2227 2700 ar—

386 2727 633 2766 mentorum
656 2721 1022 2777 innumerabiles,
1046 2735 1095 2764 eo
1119 2720 1234 2777 quod
1258 2719 1452 2763 dedisset
1474 2719 1513 2763 ei
1544 2718 1760 2762 Dominus
1789 2717 2087 2760 substantiam
2110 2716 2225 2759 mul-

386 2786 478 2824 tam
500 2781 646 2824 nimis.
673 2780 710 2807 30
730 2781 833 2837 Ipse
855 2785 920 2823 est
943 2780 1157 2823 Ezechias
1181 2780 1253 2836 qui
1277 2778 1502 2822 obturavit
1523 2777 1791 2835 superiorem
1812 2776 1986 2819 fontem
2007 2790 2225 2832 aquarum

388 2840 555 2896 Gihon,
579 2845 621 2883 et
646 2840 808 2883 avertit
824 2851 902 2883 'eas
925 2839 1075 2883 subter
1098 2839 1155 2882 ad
1179 2839 1456 2882 occidentem
1485 2837 1605 2881 urbis
1632 2835 1802 2890 David;
1826 2835 1873 2878 in
1895 2835 2100 2878 omnibus
2122 2849 2226 2892 ope-

387 2899 507 2941 ribus
537 2900 625 2942 suis
656 2899 767 2942 fecit
796 2913 1000 2956 prospere
1030 2913 1127 2955 quae
1158 2898 1311 2942 voluit.
1343 2897 1376 2924 3¹
1403 2897 1618 2940 Attamen
1646 2895 1692 2938 in
1722 2894 1944 2951 legatione
1973 2894 2224 2951 principum

390 2958 652 3014 Babylonis,
677 2958 749 3014 qui
780 2958 901 3001 missi
934 2959 1114 3001 fuerant
1146 2958 1203 3001 ad
1233 2972 1334 3001 eum
1369 2961 1416 2999 ut
1443 2956 1765 3011 interrogarent
1795 2953 1848 2997 de
1878 2959 2079 3010 portento
2107 2953 2223 3009 quod

388 3017 611 3060 acciderat
637 3032 765 3073 super
791 3023 965 3073 terram,
990 3017 1224 3073 dereliquit
1246 3031 1347 3061 eum
1370 3016 1503 3071 Deus,
1527 3020 1575 3058 ut
1600 3018 1855 3068 tentaretur,
1879 3017 1922 3055 et
1943 3017 2048 3056 nota
2070 3013 2228 3056 fierent

389 3075 537 3120 omnia
559 3091 656 3131 quae
679 3081 803 3119 erant
822 3076 867 3118 in
891 3077 1020 3120 corde
1046 3077 1155 3133 ejus.

449 3133 486 3162 3⁴²
506 3134 691 3190 Reliqua
712 3140 861 3177 autem
887 3150 1137 3179 sermonum
1161 3137 1386 3191 Ezechiae,
1413 3141 1457 3180 et
1482 3133 1881 3178 misericordiarum
1911 3132 2029 3187 ejus,
2060 3131 2225 3188 scripta

390 3199 493 3238 sunt
520 3194 566 3237 in
592 3194 760 3237 visione
790 3194 940 3249 Isaiae,
972 3194 1050 3237 filii
1081 3196 1239 3250 Amos,
1270 3196 1516 3252 prophetae,
1540 3199 1583 3238 et
1613 3193 1659 3236 in
1690 3192 1823 3235 Libro
1852 3206 2005 3247 regum
2033 3190 2153 3233 Juda
2182 3195 2226 3233 et

392 3253 544 3297 Israel.
579 3253 615 3280 33
643 3252 950 3308 Dormivitque
986 3254 1198 3297 Ezechias
1233 3269 1333 3297 cum
1368 3254 1567 3311 patribus
1601 3252 1710 3307 suis,
1747 3256 1790 3294 et
1823 3250 2091 3307 sepelierunt
2124 3262 2226 3292 eum

391 3327 522 3370 super
561 3311 763 3369 sepulcra
804 3311 993 3354 filiorum
1034 3313 1207 3367 David;
1245 3319 1288 3356 et
1325 3312 1566 3357 celebravit
1607 3311 1702 3367 ejus
1748 3310 1957 3365 exequias
1993 3309 2227 3352 universus

392 3372 421 3415 J
426 3372 532 3427 uda,
567 3377 610 3415 et
634 3385 785 3414 omnes
807 3370 1029 3414 habitores
1060 3372 1086 3414 J
1092 3372 1336 3427 erusalem3
1365 3370 1657 3428 regnavitque
1683 3368 1934 3425 Manasses,
1958 3367 2073 3410 filius
2103 3367 2226 3422 ejus,

392 3445 469 3487 pro
493 3445 555 3474 eo.
632 3438 638 3446 ·

394 3574 441 3607 21]
460 3574 537 3602 Tou.
559 3576 584 3608 1,
601 3577 644 3602 21.
671 3589 706 3593 —
730 3576 778 3608 24]
797 3575 841 3601 iv
862 3574 944 3606 neg.
962 3573 1036 3608 xx,
1055 3575 1080 3601 1.
1101 3574 1142 3601 is.
1165 3573 1363 3608 xxxvm,
1382 3577 1405 3602 1.
