2391 3861
131 1537 308 1567 Salutat-10.

126 1779 315 1809 Gratiarum

171 1822 270 1852 actio.

164 2317 289 2346 Oratio.

157 2740 299 2770 Vincula

180 2786 273 2814 Pauli

132 2829 322 2858 manifesta.

109 3028 204 3056 zelus
234 3029 349 3062 prauu-

153 3075 303 3101 catorum

131 3116 329 3146 suscitatus.

1080 614 1529 671 -EPISTOLA

510 787 907 886 BEATI
985 785 1375 883 PAULI
1449 777 2125 880 APOSTOLI

912 989 1021 1053 AD
1074 983 1728 1052 PHILIPPENSES

1155 1172 1385 1195 ——†—>c-—<4

1083 1342 1561 1402 EXORDIUM

722 1531 871 1562 AULUS
902 1521 945 1560 et
966 1515 1248 1569 TimotheuS,
1276 1514 1390 1556 servi
1417 1513 1444 1556 J
1449 1527 1524 1556 esu
1556 1511 1741 1567 Christi,
1765 1511 1971 1554 omnibus
2001 1511 2166 1555 sanctis
2194 1511 2240 1554 in

748 1577 923 1621 Christo
957 1577 983 1618 J
990 1589 1087 1629 esu,
1115 1574 1187 1630 qui
1217 1580 1320 1616 suut
1346 1571 1588 1628 Philippis,
1617 1585 1716 1613 cum
1746 1569 1985 1627 episcopis,
2017 1576 2061 1614 et
2093 1571 2240 1615 diaco-

748 1637 891 1680 nibus.
914 1634 931 1661 9
951 1634 1106 1680 Gratia
1130 1632 1258 1676 vobis
1279 1638 1322 1675 et
1344 1647 1432 1689 pax
1453 1646 1478 1674 a
1511 1631 1603 1674 Deo
1627 1630 1757 1673 Patre
1783 1634 1951 1685 nostro,
1976 1635 2019 1673 et
2049 1630 2240 1674 Domino

510 1797 514 1799 a
809 1757 827 1783 3
845 1755 1023 1800 Gratias
1048 1767 1133 1809 ago
1161 1753 1253 1796 Deo
1277 1765 1374 1794 meo
1400 1750 1441 1792 in
1471 1750 1590 1793 omni
1622 1749 1835 1793 memoria
1861 1750 2008 1804 vestri,
2035 1749 2052 1776 4
2069 1764 2243 1807 semper

406 1824 451 1866 in
479 1823 649 1866 cunctis
673 1817 944 1865 orationibus
966 1813 1075 1857 meis
1097 1827 1174 1869 pro
1198 1811 1401 1854 omnibus
1428 1810 1551 1853 vobis
1576 1824 1675 1853 cum
1697 1809 1860 1865 gaudio
1884 1809 2242 1866 deprecationem

407 1883 600 1938 faciens,
625 1883 642 1908 5
667 1894 797 1937 super
823 1871 1227 1920 communicatione
1252 1875 1398 1913 vestra
1424 1869 1467 1910 iu
1495 1869 1730 1925 evangelio
1760 1868 1923 1912 Christi
1955 1883 1980 1911 a
2002 1868 2145 1925 prima
2171 1869 2242 1911 die

408 1956 546 1998 usque
571 1956 713 1993 nunc3
743 1939 760 1966 ⁶
778 1935 1003 1980 confidens
1024 1933 1106 1974 hoc
1131 1931 1298 1987 ipsum,
1323 1928 1427 1984 quia
1453 1928 1526 1984 qui
1551 1928 1685 1985 coepit
1710 1927 1754 1969 in
1776 1927 1900 1970 vobis
1923 1942 2032 1985 opus
2053 1928 2241 1982 bonum,

407 2001 606 2059 perficiet
631 2013 768 2055 usque
794 1997 838 2039 in
866 1995 983 2037 diem
1010 1990 1174 2034 Christi
1201 1991 1331 2045 Jesu3
1350 1986 1365 2013 ⁷
1394 1987 1507 2030 sicut
1534 1992 1600 2030 est
1629 1987 1737 2030 mihi
1767 1987 2052 2042 justumhoc
2080 1987 2245 2031 sentire

408 2076 484 2117 pro
511 2059 715 2103 omnibus
740 2055 887 2109 vobis,
915 2068 964 2096 eo
989 2051 1103 2108 quod
1130 2049 1321 2092 habeam
1344 2062 1420 2091 vos
1444 2047 1490 2090 in
1518 2047 1669 2102 corde,
1701 2052 1744 2090 et
1765 2046 1811 2088 in
1835 2046 2024 2094 vinculis
2047 2046 2177 2103 meis,
2200 2052 2243 2090 et

407 2121 453 2162 in
479 2119 740 2163 defensione
796 2121 839 2159 et
872 2109 1206 2156 confirmatione
1236 2106 1483 2163 evangelii,
1516 2107 1656 2150 socios
1687 2105 1838 2162 gaudii
1868 2106 1954 2149 mei
1988 2120 2141 2149 omnes
2166 2120 2245 2149 vos

409 2194 514 2223 esse.
542 2178 558 2205 8
577 2177 722 2222 Testis
752 2175 869 2219 enim
897 2171 1005 2215 mihi
1036 2175 1103 2213 est
1126 2169 1266 2223 Deus,
1295 2166 1514 2223 quomodo
1545 2165 1722 2223 cupiam
1752 2179 1905 2208 omnes
1930 2180 2007 2209 vos
2031 2166 2079 2208 rn
2103 2165 2242 2209 visce-

407 2239 529 2282 ribus
552 2239 579 2282 J
585 2253 659 2281 esu
683 2235 858 2281 Christi.

468 2298 485 2324 9
505 2299 560 2341 Et
581 2298 665 2341 hoc
687 2310 782 2351 oro,
805 2300 853 2337 ut
880 2292 1073 2337 charitas
1099 2295 1245 2334 vestra
1272 2288 1414 2345 magis
1440 2302 1492 2330 ac
1516 2287 1659 2343 magis
1681 2286 1879 2330 abundet
1904 2285 1950 2328 in
1973 2285 2181 2342 scientia,
2200 2290 2244 2328 et

408 2358 454 2401 in
481 2357 598 2401 omni
625 2370 777 2410 sensu,
800 2354 836 2381 ¹⁰
853 2359 902 2396 ut
931 2351 1124 2410 probetis
1154 2349 1346 2407 potiora,
1369 2352 1419 2391 ut
1447 2347 1544 2390 sitis
1577 2345 1757 2400 sinceri,
1789 2350 1832 2389 et
1864 2345 1960 2389 sine
1993 2343 2165 2388 offensa
2196 2344 2243 2386 in

410 2417 527 2461 diem
554 2415 743 2470 Christi3
773 2414 804 2440 ¹¹
825 2411 982 2469 repleti
1012 2411 1162 2453 fructu
1193 2407 1380 2465 justitiae
1406 2421 1484 2464 per
1508 2406 1534 2448 J
1541 2420 1663 2449 esum
1694 2404 1941 2461 Christum,
1975 2403 2021 2446 in
2055 2403 2244 2460 gloriam

411 2482 454 2520 et
474 2476 651 2519 laudem
679 2474 775 2517 Dei.

918 2548 1252 2607 CORPUS
1302 2544 1740 2602 EPISTOLAE

633 2640 654 2692 ξ
680 2637 715 2680 Ι.
741 2661 798 2670 --
831 2633 1077 2690 Captivitas
1100 2629 1290 2685 apostoli
1313 2628 1377 2670 ad
1389 2626 1640 2685 profectam
1666 2626 1781 2667 venit
1803 2623 2028 2678 evavyelii.

472 2717 507 2745 '¹²
526 2718 646 2762 Scire
675 2721 825 2760 autem
855 2729 932 2758 vos
961 2713 1082 2769 volo,
1108 2713 1292 2767 fratres,
1320 2710 1422 2767 quia
1455 2724 1554 2766 quae
1588 2709 1706 2752 circa
1743 2722 1813 2751 me
1846 2712 1969 2763 sunt,
2009 2705 2152 2762 magis
2188 2704 2245 2748 ad

412 2779 663 2835 profectum
689 2779 905 2820 venerunt
934 2771 1181 2829 evangelii3
1207 2771 1243 2798 13
1259 2771 1323 2814 ita
1349 2775 1397 2812 ut
1422 2768 1602 2825 vincula
1627 2782 1724 2811 mea
1753 2766 1996 2810 manifesta
2020 2765 2176 2808 fierent
2200 2763 2246 2806 in

413 2837 586 2882 Christo
611 2836 658 2878 in
685 2835 803 2878 omni
834 2832 1060 2891 praetorio,
1087 2837 1130 2875 et
1162 2831 1210 2873 in
1240 2829 1396 2873 ceteris
1426 2828 1656 2879 omnibus;
1684 2826 1718 2853 ¹⁴
1738 2832 1781 2870 et
1808 2826 1956 2883 plures
1983 2839 2005 2868 e
2030 2822 2245 2867 fratribus

412 2896 457 2939 in
490 2895 681 2939 Domino
712 2893 983 2938 confidentes
1008 2890 1199 2933 vinculis
1234 2889 1374 2945 meis,
1388 2886 1690 2931 abundantius
1716 2885 1931 2929 auderent
1962 2883 2057 2927 sine
2089 2882 2246 2926 timore

412 2955 597 2998 verbum
625 2954 707 2998 Dei
730 2953 862 3009 loqui.

474 3015 509 3041 ¹5
527 3013 716 3065 Quidam
743 3012 921 3069 quidem
947 3017 990 3055 et
1011 3016 1188 3068 propter
1208 3008 1427 3052 invidiam
1454 3012 1497 3051 et
1519 3006 1861 3060 contentionem,
1889 3002 2070 3058 quidam
2095 3005 2245 3044 autem

414 3079 458 3117 et
492 3080 667 3130 propter
695 3072 858 3116 bonam
889 3072 1165 3115 voluntatem
1193 3068 1419 3112 Christum
1451 3065 1730 3124 praedicaut:
1757 3064 1794 3090 ¹⁶
1815 3062 1997 3119 quidam
2023 3075 2078 3104 ex
2103 3060 2247 3104 chari-

413 3138 527 3188 tate,
550 3132 739 3176 scientes
765 3131 972 3187 quoniam
998 3130 1045 3172 in
1075 3128 1383 3172 defensionem
1409 3124 1630 3181 evangelii
1661 3123 1830 3181 positus
1856 3136 1979 3176 sum;
2011 3119 2044 3146 ¹⁷
2063 3119 2246 3176 quidam

414 3198 564 3236 autem
598 3205 653 3234 ex
687 3190 968 3234 contentione
1006 3188 1230 3233 Christum
1267 3186 1538 3229 annuntiant
1577 3198 1665 3228 nou
1706 3183 1896 3235 sincere,
1938 3179 2247 3223 existimantes

415 3265 664 3309 pressuram
700 3264 745 3293 se
778 3250 991 3292 suscitare
1026 3247 1216 3290 vinculis
1249 3246 1371 3289 meis.
1401 3245 1435 3272 ¹8
1453 3243 1567 3295 Quid
1602 3242 1754 3286 enim?
1789 3242 1908 3284 Dum
1937 3238 2057 3282 omni
2092 3237 2244 3288 modo,

415 3311 508 3354 sive
529 3325 605 3367 per
631 3308 948 3359 occcasionem,
975 3308 1068 3351 sive
1091 3321 1168 3363 per
1193 3305 1440 3359 veritatem,
1468 3303 1669 3348 Christus
1694 3299 1984 3344 annuntietur
2001 3316 2009 3351 ;
2028 3303 2072 3340 et
2096 3298 2143 3340 in
2162 3297 2244 3340 hoc

416 3370 609 3426 gaudeo,
636 3368 713 3412 sed
740 3373 783 3411 et
808 3367 1025 3424 gaudebo.
1060 3366 1093 3392 ¹⁹
1119 3365 1218 3409 Scio
1254 3364 1371 3407 enim
1402 3364 1506 3420 quia
1535 3362 1617 3405 hoc
1652 3360 1761 3404 mihi
1787 3357 2016 3415 proveniet
2044 3357 2101 3400 ad
2127 3356 2242 3399 salu-

416 3436 526 3485 tem,
551 3443 627 3485 per
652 3433 840 3471 vestram
870 3426 1135 3480 orationem,
1162 3430 1205 3468 et
1237 3422 1693 3466 subministrationem
1718 3417 1898 3474 spiritus
1924 3417 1951 3460 J
1957 3431 2032 3460 esu
2058 3415 2245 3469 Christi,

417 3486 453 3513 ‘²⁰
469 3487 714 3531 secundum
736 3485 1091 3543 expectationem
1117 3489 1162 3527 et
1181 3497 1306 3540 spem
1331 3497 1498 3536 meam,
1522 3479 1624 3537 quia
1649 3478 1694 3521 in
1720 3476 1841 3520 nullo
1868 3475 2142 3530 confundam
2166 3473 2244 3518 sed

416 3546 462 3588 in
489 3547 607 3589 omni
629 3546 791 3589 fiducia
817 3545 931 3588 sicut
955 3558 1139 3600 semper,
1168 3548 1211 3586 et
1235 3556 1354 3585 nunc
1380 3537 1741 3597 magnificabitur
1766 3534 1967 3579 Christus
1992 3535 2039 3578 in
2065 3546 2248 3591 corpore

418 3618 534 3661 meo,
562 3605 654 3648 sive
680 3619 757 3662 per
781 3603 942 3657 vitam,
965 3603 1058 3646 sive
1084 3617 1161 3659 per
1183 3606 1382 3644 mortem.
