2456 3861
648 171 758 213 amo.
793 170 976 225 xvm,
1011 172 1065 213 27
1099 196 1157 203 —
1190 171 1323 225 x1x‚
1355 173 1424 214 20.
1867 174 1951 215 243

186 341 223 366 ‘²⁷
254 342 460 383 Sexcenti
493 344 642 382 autem
677 339 758 381 viri
793 339 991 382 tulerunt
1023 340 1319 396 sacerdotem,
1356 346 1399 384 et
1431 355 1530 397 quae
1567 355 1699 397 supra
1736 341 1948 396 diximus,

128 403 429 454 veneruntque
459 397 503 440 in
534 398 637 440 Lais
666 398 721 440 ad
748 398 959 454 populum
981 398 1282 453 quiescentem
1304 404 1436 454 atque
1458 414 1681 455 securum,
1712 405 1756 443 et
1778 414 1950 456 percus-

129 463 280 501 serunt
307 471 380 500 eos
408 457 455 499 in
484 471 555 500 ore
586 456 745 513 gladii,
769 457 1008 512 urbemque
1029 457 1235 500 incendio
1258 458 1555 514 tradiderunt,
1578 458 1614 485 '2⁸
1634 458 1754 501 nullo
1776 459 1951 514 penitus

128 517 300 560 ferente
335 515 610 572 praesidium,
645 530 695 558 eo
727 515 841 570 quod
876 515 1024 572 procul
1060 515 1313 559 habitarent
1345 532 1372 558 a
1405 517 1585 573 Sidone,
1621 522 1665 561 et
1697 531 1797 560 cum
1830 517 1950 561 nullo

128 575 358 618 hominum
387 574 602 617 haberent
630 573 871 629 quidquam
907 574 1133 616 societatis
1166 589 1217 617 ac
1252 575 1433 631 negotii.
1471 577 1578 619 Erat
1608 581 1758 619 autem
1792 576 1949 619 civitas

125 633 213 676 sita
245 633 290 675 in
324 633 503 689 regione
538 631 720 686 Rohob3
756 646 889 687 quam
923 646 1093 674 rursum
1129 639 1422 689 exstruentes,
1458 634 1773 678 habitaverunt
1804 635 1849 677 in
1884 649 1948 690 ea,

127 691 165 718 2⁹
181 696 340 734 vocato
362 691 539 734 nomine
563 690 758 733 civitatis
787 691 899 744 Dan,
922 689 1053 745 juxta
1075 691 1341 733 vocabulum
1363 693 1501 747 patris
1531 693 1609 747 sui,
1633 708 1764 749 quem
1786 708 1948 749 genue-

127 755 196 793 rat
229 749 386 805 Israel,
420 763 518 804 quae
552 749 671 805 prius
700 748 804 790 Lais
839 748 1080 791 dicebatur.
1111 748 1147 774 3⁰
1166 750 1496 806 posueruntque
1530 751 1613 794 sibi
1647 752 1871 808 sculptile,
1907 758 1951 795 et

124 809 374 863 Jonatlian,
406 807 545 850 filium
578 808 783 862 Gersam,
816 806 895 848 filii
928 806 1094 862 Moysi,
1129 821 1181 849 ac
1211 807 1323 850 filios
1354 808 1449 863 ejus
1479 810 1728 853 sacerdotes
1762 811 1805 853 in
1831 811 1950 854 tribu

127 869 246 922 Dan,
282 881 417 922 usque
457 865 515 909 ad
549 866 667 909 diem
701 865 977 922 captivitatis
1014 879 1119 910 suae.
1163 865 1196 891 ³¹
1230 866 1481 922 Mansitque
1517 869 1634 924 apud
1672 883 1745 912 eos
1781 869 1949 912 idolum

124 926 288 969 Michae
315 925 433 968 omni
460 929 658 981 tempore
679 938 763 980 quo
784 923 874 966 fuit
895 923 1050 966 domus
1078 923 1160 967 Dei
1183 924 1228 966 in
1253 924 1356 969 Silo.
1381 925 1435 968 In
1462 925 1616 969 diebus
1638 927 1727 969 illis
1749 942 1835 970 non
1857 934 1951 970 erat

124 999 201 1028 rex
220 984 267 1027 in
289 983 442 1027 Israel.

255 1104 277 1157 ξ
310 1101 373 1145 ΙΙ.
406 1128 466 1133 -
502 1101 800 1148 Gabaitaram
822 1103 1002 1146 luzaria
1013 1138 1027 1158 ,
1050 1105 1219 1147 occasio
1240 1105 1400 1147 ecccidii
1424 1105 1842 1161 Betqjaminitarum.

183 1219 287 1263 CAP.
322 1218 447 1261 XIX.
482 1244 540 1250 —
577 1217 589 1243 ¹
619 1217 724 1260 Fuit
757 1217 938 1273 quidam
979 1218 1045 1260 vir
1082 1217 1238 1262 levites
1276 1219 1485 1262 habitans
1526 1220 1571 1262 in
1613 1219 1749 1263 latere
1787 1221 1949 1264 montis

123 1277 348 1334 Ephraim,
373 1276 446 1332 qui
473 1276 647 1333 accepit
667 1290 849 1320 uxorem
873 1276 926 1319 de
952 1277 1215 1320 Bethlehem
1239 1278 1385 1333 Juda;
1414 1277 1431 1303 2
1449 1293 1548 1334 quae
1569 1279 1748 1335 reliquit
1769 1294 1882 1336 eum,
1907 1286 1950 1324 et

121 1350 296 1379 reversa
334 1341 399 1379 est
431 1335 478 1378 in
515 1335 697 1378 domum
730 1335 868 1391 patris
904 1335 970 1378 sui
1004 1335 1050 1378 in
1089 1336 1373 1392 Bethlehem,
1410 1337 1659 1393 mansitque
1693 1338 1811 1394 apud
1849 1353 1949 1382 eum

120 1400 308 1451 quatuor
333 1394 571 1437 mensibus.
599 1394 616 1420 3
635 1395 904 1449 Secutusque
933 1399 1000 1437 est
1029 1409 1127 1451 eam
1158 1395 1226 1437 vir
1250 1409 1373 1451 suus,
1401 1396 1554 1438 volens
1584 1397 1860 1440 reconciliari
1887 1398 1946 1454 ei,

121 1460 256 1510 atque
286 1452 500 1508 blandiri,
532 1458 575 1495 et
604 1467 754 1495 sec-um
783 1452 1010 1507 reducere,
1041 1453 1209 1496 habens
1238 1454 1285 1496 in
1312 1454 1526 1497 comitatu
1554 1469 1738 1511 puerum
1768 1462 1811 1499 et
1841 1457 1948 1500 duos

118 1513 282 1556 asinos.
304 1512 411 1562 Quae
436 1511 630 1567 suscepit
655 1525 774 1566 eum,
804 1516 848 1554 et
868 1511 1117 1554 introduxit
1144 1512 1190 1554 in
1221 1512 1402 1555 domum
1426 1514 1564 1569 patris
1595 1514 1675 1557 sui.
1698 1515 1822 1564 Quod
1849 1530 1948 1558 cum

119 1571 318 1614 audisset-
335 1584 458 1613 80001·
475 1569 585 1626 ejus,
606 1584 793 1625 eumque
816 1569 1011 1626 vidisset,
1037 1571 1224 1613 occurrit
1245 1571 1284 1613 ei
1307 1571 1456 1627 laetus,
1479 1571 1496 1598 4
1514 1578 1557 1615 et
1582 1573 1861 1629 amplexatus
1883 1579 1950 1617 est

120 1629 358 1674 hominem.
382 1628 635 1684 Mansitque
657 1643 793 1684 gener
820 1628 867 1671 in
891 1628 1019 1672 (101110
1046 1629 1183 1672 soceri
1206 1630 1346 1672 tribus
1379 1629 1554 1687 diebus,
1587 1632 1823 1675 comedens
1848 1647 1948 1675 oum

117 1703 172 1732 eo
201 1694 247 1732 et
278 1688 435 1731 bibens
463 1688 760 1731 familiariter.
784 1688 801 1714 ⁵
821 1688 904 1731 Die
925 1693 1075 1731 autem
1098 1694 1272 1744 quarto,
1297 1689 1350 1732 de
1380 1694 1509 1733 nocte
1532 1704 1820 1747 consurgens,
1850 1706 1948 1748 pro-

120 1747 257 1791 ficisci
279 1747 449 1802 voluit3
477 1761 608 1803 quem
632 1747 776 1790 tenuit
801 1761 934 1803 socer,
966 1752 1010 1790 et
1039 1747 1103 1789 ait
1131 1747 1187 1790 ad
1217 1762 1319 1791 eum
1348 1765 1357 1792 ε
1388 1749 1528 1792 Gusta
1550 1749 1670 1805 prius
1698 1750 1948 1806 pauxillum

119 1806 268 1864 panis,
325 1812 369 1850 et
424 1806 629 1849 conforta
683 1806 983 1861 stomachum,
1033 1811 1077 1849 et
1127 1806 1190 1849 sic
1243 1806 1545 1863 proficisceris
1593 1808 1610 1834 6
1647 1808 1948 1865 sederuntque

117 1865 272 1921 simul,
307 1879 360 1908 ac
394 1864 682 1908 comederunt
714 1870 759 1908 et
790 1865 1010 1909 biberunt.
1046 1865 1259 1921 Dixitque
1298 1871 1424 1922 pater
1459 1867 1619 1923 puellae
1649 1867 1705 1911 ad
1735 1882 1948 1923 generum

117 1938 247 1968 suum
279 1941 287 1969 :
322 1924 479 1974 Quaeso
515 1928 559 1967 te
593 1930 642 1967 ut
680 1923 811 1967 hodie
849 1924 921 1967 hic
956 1939 1157 1980 maneas,
1193 1924 1444 1981 pariterque
1480 1926 1695 1970 laetemur.
1735 1926 1750 1953 ⁷
1777 1928 1839 1970 At
1870 1927 1948 1971 ille

116 1998 408 2039 consurgens,
449 1983 585 2040 coepit
621 1983 737 2026 velle
774 1983 1006 2039 proficisci,
1045 1985 1103 2026 Et
1148 1983 1437 2027 nihilominus
1477 1985 1639 2028 obnixe
1680 2000 1782 2029 eum
1825 2001 1948 2030 socer

116 2042 275 2098 tenuit,
300 2048 344 2086 et
364 2042 482 2099 apud
501 2056 546 2086 se
568 2042 680 2085 fecit
703 2057 894 2086 manere.
921 2043 938 2069 8
956 2043 1088 2086 Mane
1111 2047 1261 2086 autem
1288 2043 1423 2099 facto,
1448 2044 1636 2100 parabat
1656 2045 1813 2088 levites
1834 2046 1943 2101 iter;

115 2101 190 2144 cui
212 2115 335 2145 socer
358 2116 531 2144 rursum
565 2118 574 2146 2
605 2102 691 2145 Oro
713 2106 778 2157 te,
806 2101 970 2158 inquit,
1002 2106 1051 2145 ut
1073 2102 1302 2158 paululum
1329 2102 1417 2145 cibi
1444 2103 1614 2159 capias,
1643 2108 1687 2146 et
1707 2105 1946 2161 assumptis

117 2160 298 2216 viribus,
319 2160 458 2203 donec
480 2159 699 2203 increscat
721 2160 826 2216 dies,
850 2166 1003 2217 postea
1024 2161 1332 2218 proficiscaris.
1359 2162 1654 2205 Comederunt
1676 2177 1780 2218 ergo
1798 2163 1944 2207 simul.

115 2219 137 2246 9
154 2219 438 2275 Surrexitque
465 2218 743 2275 adolescens,
767 2224 815 2262 ut
839 2226 1043 2276 pergeret
1065 2234 1166 2263 cum
1192 2235 1327 2264 uxore
1353 2235 1432 2263 sua
1449 2226 1493 2264 et
1510 2235 1657 2277 puero.
1673 2221 1754 2264 Cui
1774 2237 1945 2266 rursum

116 2278 288 2322 locutus
314 2283 381 2321 est
408 2292 531 2321 socer
558 2294 566 2322 :
594 2278 834 2322 Considera
858 2278 974 2334 quod
1005 2279 1098 2322 dies
1122 2279 1179 2322 ad
1206 2294 1412 2323 occasum
1434 2279 1646 2323 declivior
1667 2280 1744 2336 sit,
1775 2286 1820 2324 et
1849 2295 1945 2337 pro-

114 2337 303 2395 pinquat
328 2337 385 2380 ad
410 2351 672 2393 vesperum,
698 2351 827 2380 mane
852 2338 972 2394 apud
999 2352 1070 2381 me
1092 2338 1229 2381 etiam
1257 2338 1408 2395 hodie,
1440 2344 1485 2382 et
1509 2339 1594 2382 duc
1620 2339 1774 2382 laetum
1805 2340 1943 2396 diem,

113 2401 162 2440 et
185 2410 281 2439 cras
302 2396 591 2453 proficisceris
617 2401 665 2439 ut
686 2397 824 2440 vadas
844 2396 891 2439 in
913 2396 1094 2440 domum
1115 2402 1251 2440 tuam.
1281 2396 1316 2423 ¹⁰
1333 2397 1489 2441 Noluit
1509 2412 1645 2454 gener
1665 2399 1944 2454 acquiescere

112 2455 390 2498 sermonibus
420 2455 544 2511 ejus3
577 2455 652 2499 sed
682 2455 836 2498 statim
865 2456 1060 2512 perrexit
1085 2461 1129 2499 et
1157 2456 1280 2500 venit
1310 2461 1464 2499 contra
1493 2457 1654 2513 Jebus,
1681 2471 1779 2513 quae
1806 2458 1945 2501 altero

115 2514 293 2557 nomine
315 2518 498 2557 vocatur
519 2515 790 2570 Jerusalem,
818 2514 983 2558 ducens
1008 2529 1159 2558 secum
1190 2515 1297 2559 duos
1320 2515 1467 2558 asinos
1490 2521 1689 2572 onustos,
1715 2521 1760 2559 et
1785 2530 1943 2559 concu-

114 2573 282 2617 binam.
325 2572 357 2599 ¹¹
384 2574 575 2629 Jamque
617 2579 743 2620 erant
781 2574 913 2630 juxta
946 2574 1105 2629 Jebus,
1149 2578 1193 2617 et
1225 2574 1319 2618 dies
1357 2575 1614 2618 mutabatur
1649 2575 1697 2617 in
1730 2580 1940 2631 noctem3

112 2632 315 2689 dixitque
336 2647 445 2689 puer
468 2632 525 2675 ad
554 2633 783 2676 dominum
807 2647 935 2676 suum
965 2649 974 2678 z
1011 2632 1146 2689 Veni,
1170 2632 1371 2689 obsecro,
1399 2633 1673 2677 declinemus
1703 2634 1760 2677 ad
1790 2634 1943 2678 urbem

111 2691 444 2748 Jebusaeorum,
475 2696 519 2735 et
547 2706 806 2735 maneamus
832 2691 878 2734 in
905 2707 969 2736 ea.
994 2691 1029 2718 ¹⁹2
1047 2692 1127 2735 Cui
1149 2692 1376 2749 respondit
1401 2692 1605 2736 dominus
1634 2709 1642 2737 :
1669 2694 1769 2736 Non
1797 2693 1942 2749 ingre—

111 2750 211 2794 diar
243 2750 455 2807 oppidum
487 2751 634 2806 gentis
667 2751 847 2807 alienae,
879 2766 977 2807 quae
1011 2765 1099 2794 11011
1131 2756 1198 2795 est
1231 2751 1284 2795 de
1318 2751 1421 2794 filiis
1450 2751 1610 2808 Israel,
1639 2752 1717 2796 sed
1746 2752 1943 2795 transibo

113 2824 250 2866 usque
276 2809 461 2865 Gabaa3
496 2810 530 2837 13
551 2815 596 2853 et
621 2824 722 2853 cum
752 2810 857 2853 illuc
884 2824 1144 2867 pervenero,
1172 2811 1450 2854 manebimus
1480 2811 1527 2854 in
1552 2825 1623 2867 ea,
1655 2817 1732 2855 aut
1758 2816 1875 2855 certe
1896 2812 1942 2854 in

112 2868 220 2912 urbe
245 2870 399 2913 Rama.
432 2868 467 2896 '¹4
484 2869 774 2913 Transierunt
798 2884 902 2925 ergo
928 2869 1067 2912 ε1011118
1087 2887 1096 2924 ;
1130 2875 1173 2913 et
1202 2875 1399 2926 coeptum
1428 2869 1672 2928 carpebant
1695 2870 1791 2927 iter,
1815 2884 1942 2914 occu-

111 2927 296 2984 buitque
322 2927 385 2971 eis
411 2927 476 2971 sol
500 2928 631 2984 juxta
657 2928 833 2984 Gabaa,
861 2943 959 2984 quae
981 2933 1048 2972 est
1072 2928 1118 2971 in
1144 2929 1262 2972 tribu
1286 2929 1540 2986 Benjamin.

173 2986 208 3013 ¹⁵
227 2987 601 3044 Diverteruntque
625 2987 682 3031 ad
708 3002 827 3043 eam,
850 2993 898 3030 ut
923 2993 1154 3031 manerent
1183 2987 1258 3032 ibi.
1285 2988 1378 3039 Quo
1403 3003 1505 3032 cum
1528 2989 1790 3041 intrassent,
1820 2990 1941 3034 sede-

112 3045 223 3088 bant
245 3045 293 3089 in
316 3046 467 3104 platea
492 3046 714 3103 civitatis,
741 3053 786 3090 et
811 3047 956 3090 nullus
981 3061 1054 3090 eos
1079 3047 1276 3104 recipere
1300 3047 1442 3091 voluit
1466 3048 1673 3106 hospitio.
1702 3049 1737 3076 16
1756 3049 1814 3093 Et
1839 3063 1940 3093 0000

109 3105 319 3161 apparuit
342 3106 474 3149 homo
502 3120 659 3162 senex,
685 3112 911 3150 revertens
937 3106 990 3149 de
1015 3121 1123 3163 agro
1155 3112 1199 3150 et
1231 3107 1286 3150 de
1312 3121 1442 3164 opere
1471 3122 1549 3151 suo
1570 3108 1763 3165 vesperi,
1790 3108 1865 3164 qui
1897 3115 1942 3152 et

111 3163 206 3220 ipse
232 3163 285 3207 de
310 3170 461 3208 monte
482 3170 577 3208 erat
603 3165 817 3222 Ephraim
842 3170 887 3208 et
911 3166 1167 3222 peregrinus
1192 3166 1428 3210 habitabat-
1452 3167 1500 3210 in
1526 3167 1695 3213 Gabaa.
1725 3167 1940 3211 Homines

109 3227 260 3266 autem
282 3223 477 3280 regionis
500 3223 621 3267 illius
643 3230 771 3268 erant
794 3224 873 3267 filii
901 3226 928 3268 J
932 3225 1082 3271 emini.
1111 3224 1145 3251 ¹⁷
1164 3225 1450 3282 Elevatisque
1472 3226 1631 3283 oculis,
1658 3226 1773 3270 vidit
1805 3241 1940 3270 senex

110 3281 342 3325 sedentem
374 3283 600 3327 hominem
633 3298 733 3327 cum
765 3283 996 3327 sarcinulis
1028 3284 1117 3327 suis
1150 3284 1197 3327 in
1229 3285 1381 3342 platea
1409 3285 1632 3341 civitatis;
1661 3291 1705 3329 et
1737 3285 1852 3328 dixit
1883 3286 1940 3329 ad

110 3353 213 3383 eum
234 3357 242 3385 :
270 3341 400 3385 Unde
425 3342 581 3386 venis?
607 3348 652 3386 et
676 3357 760 3399 quo
786 3342 948 3386 vadis?
976 3342 1010 3370 ¹8
1028 3343 1111 3394 Qui
1132 3344 1362 3401 respondit
1390 3344 1430 3388 ei
1453 3361 1461 3388 :
1492 3344 1688 3388 Profecti
1713 3358 1862 3387 sumus
1885 3345 1940 3388 de

114 3398 377 3444 Bethlehem
401 3402 430 3444 J
435 3401 542 3457 uda,
564 3406 610 3445 et
633 3401 859 3458 pergimus
884 3402 940 3445 ad
966 3401 1111 3446 locum
1142 3409 1360 3459 nostrum,
1387 3403 1461 3460 qui
1487 3409 1554 3447 est
1580 3403 1627 3446 in
1653 3403 1790 3447 latere
1815 3417 1938 3446 mon-

112 3456 170 3499 tis
203 3459 435 3516 Ephraim,
466 3460 583 3504 unde
615 3460 807 3505 ieramus
831 3461 878 3504 in
905 3461 1192 3518 Bethlehem;
1220 3467 1265 3506 et
1296 3477 1414 3506 nunc
1435 3463 1638 3506 vadimus
1671 3462 1725 3505 ad
1760 3462 1938 3506 domum

114 3514 212 3570 Dei,
234 3517 466 3574 nullusque
491 3519 572 3562 sub
598 3524 767 3563 tectum
793 3535 920 3564 suum
944 3535 1024 3564 nos
1048 3521 1146 3565 vult
1169 3522 1390 3579 recipere;
1417 3521 1453 3548 ‘¹9
1470 3521 1686 3565 habentes
1710 3521 1862 3578 paleas
1894 3527 1940 3565 et

111 3573 286 3618 foenum
308 3576 356 3619 in
379 3577 602 3622 asinorum
624 3579 857 3635 pabulum,
877 3585 921 3623 et
941 3595 1102 3637 panem
1124 3595 1176 3624 ac
1193 3580 1347 3623 vinum
1372 3580 1418 3623 in
1440 3595 1560 3624 meos
1585 3586 1630 3624 et
1650 3580 1826 3623 ancillae
1849 3586 1938 3624 tuae

114 3645 236 3690 usus,
259 3637 304 3676 et
332 3633 457 3691 pueri
489 3638 562 3694 qui
594 3652 769 3682 mecum
801 3643 884 3695 est,
928 3639 1051 3682 nulla
1086 3654 1131 3683 re
1163 3639 1415 3696 indigemus
1448 3639 1533 3682 nisi
1566 3639 1771 3696 hospitio.
1799 3639 1836 3666 ²⁰
1857 3639 1938 3683 Cui

2033 359 2146 386 urbem
2168 359 2242 386 Lais

2029 406 2236 435 expugnant,

2079 444 2192 478 ibique

2040 489 2227 518 idololatra:

2031 532 2236 563 efficiuntur.

2034 1232 2092 1260 Vir
2113 1233 2236 1261 levites

2033 1284 2109 1305 cum
2131 1284 2236 1305 uxore

2061 1320 2155 1348 venit
2173 1320 2205 1348 in

2075 1364 2194 1393 Gabaa.

2005 2996 2033 3022 A
2063 3001 2141 3023 sene
2169 3002 2246 3027 quu-

2004 3039 2080 3066 dam
2102 3038 2246 3072 benigne

2035 3081 2215 3115 excipitur.
