2456 3861
218 878 392 906 Fertilitas

185 927 312 955 septem
326 930 427 950 ‘duno-

265 974 348 994 rum.

186 1120 262 1148 Filii
286 1121 424 1152 Joscph.

222 1415 386 1444 Praevalct

245 1461 362 1488 fames.

186 2274 292 2301 Jacob
317 2271 427 2300 mittit

188 2317 274 2344 filio-3
297 2324 376 2344 suos
394 2316 427 2344 in

216 2362 410 2394 „ssEngtuuL

189 2753 328 2786 Joscphi
354 2760 429 2780 cum

226 2797 392 2825 fratribus

205 2848 417 2874 congressus.

492 116 547 154 42
1036 114 1152 155 GEN.
1186 113 1315 167 XLI,
1351 114 1408 155 43
1432 139 1492 144 —
1522 113 1679 168 XLII,
1716 114 1784 157 15.

491 287 536 325 et
560 282 673 324 collo
702 287 904 338 torquem
936 296 1115 324 auream
1141 282 1469 337 circumposuit.
1501 281 1538 308 43
1561 282 1773 337 Fecitque
1799 297 1900 325 eum
1924 283 2163 327 ascendere
2196 297 2327 340 super

494 354 667 383 currum
703 355 830 383 suum
868 340 1132 395 secundum,
1164 341 1387 383 clamante
1421 354 1646 396 praecone,
1677 347 1726 383 ut
1759 355 1910 384 omnes
1945 356 2093 384 coram
2125 357 2176 386 eo
2209 357 2327 398 genu

492 399 740 455 flecterent,
772 406 817 443 et
849 400 1137 456 praepositum
1170 413 1262 442 esse
1293 399 1458 442 scirent
1491 399 1709 442 universae
1743 405 1872 442 terrae
1903 401 2107 456 AEgypti.
2135 401 2171 428 44
2199 401 2327 444 Dixit

492 473 662 515 quoque
694 473 772 502 rex
804 459 861 502 ad
887 458 1053 514 Joseph
1078 474 1086 501 :
1119 459 1215 514 Ego
1240 472 1337 500 sum
1372 458 1569 513 Pharao3
1597 458 1764 514 absque
1789 464 1866 501 tuo
1894 459 2080 515 imperio
2112 475 2201 503 non
2234 475 2326 503 mo-

491 517 615 561 vebit
647 518 878 574 quisquam
914 531 1098 560 manum
1130 523 1207 559 aut
1236 517 1396 573 pedem
1429 517 1475 559 in
1508 517 1628 561 omni
1658 524 1774 560 terra
1806 518 2011 575 AEgypti.
2038 518 2075 545 45
2092 519 2327 575 Vertitque

491 591 652 620 nomen
676 577 794 632 ejus,
821 581 866 620 et
883 575 1062 619 vocavit
1087 590 1188 619 eum
1210 576 1364 632 lingua
1387 576 1659 633 aegyptiaca,
1685 577 1961 621 Salvatorem
1982 577 2151 621 mundi.
2173 578 2328 621 Dedit-

491 650 574 691 que
597 636 663 677 illi
686 650 867 678 uxorem
890 635 1090 678 Aseneth
1109 635 1247 678 filiam
1267 636 1508 692 Putiphare
1526 636 1769 679 sacerdotis
1793 636 2092 693 Heliopoleos.
2114 638 2330 692 Egressus

491 700 558 737 est
590 695 739 750 itaque
773 694 941 751 Joseph
974 694 1031 737 ad
1063 700 1227 737 terram
1260 695 1450 752 AEgypti
1483 694 1520 722 46
1547 694 1766 752 (triginta
1800 701 1950 739 autem
1983 710 2200 738 annorum
2233 701 2328 739 erat

491 753 666 808 quando
692 753 818 797 stetit
842 753 888 796 in
914 759 1154 810 conspectu
1175 754 1292 811 regis
1319 753 1616 810 Pharaonis),
1643 760 1687 798 et
1717 754 1922 798 circuivit
1948 769 2100 798 omnes
2124 754 2330 810 regiones

490 812 696 869 AEgypti.

550 871 584 898 4⁷
605 872 828 929 Venitque
853 872 1067 916 fertilitas
1089 878 1261 929 septem
1278 887 1495 916 annorum
1513 891 1521 928 ;
1545 878 1589 916 et
1610 873 1656 915 in
1673 874 1926 930 manipulos
1943 873 2136 916 redactae
2155 878 2330 929 segetes

491 937 774 988 congregatae
793 938 897 975 sunt
917 932 962 975 in
984 932 1141 974 horrea
1162 931 1366 988 AEgypti.
1386 931 1422 958 4⁸
1442 931 1596 976 Omnis
1619 932 1755 975 etiam
1777 933 1960 989 frugum
1982 932 2261 990 abundantia
2282 931 2328 974 in

490 990 678 1047 singulis
701 991 882 1035 urbibus
905 991 1084 1034 condita
1107 996 1186 1036 est.
1205 990 1243 1017 49
1259 991 1493 1046 Tantaque
1518 991 1607 1033 fuit
1632 991 1911 1034 abundantia
1936 991 2087 1048 tritici,
2107 996 2157 1034 ut
2181 1005 2329 1034 arenae

490 1050 624 1093 maris
647 1055 961 1107 coaequaretur,
989 1055 1034 1093 et
1059 1050 1187 1106 copia
1208 1064 1462 1092 mensuram
1484 1050 1732 1094 excederet.
1900 1064 1905 1068 ·

550 1109 587 1136 ⁵0
612 1110 719 1153 Nati
760 1116 863 1153 sunt
898 1115 1049 1152 autem
1089 1109 1259 1165 Joseph
1298 1109 1379 1151 filii
1418 1109 1503 1152 duo
1540 1114 1782 1165 antequam
1818 1110 1991 1153 veniret
2028 1111 2190 1166 fames,
2221 1124 2330 1166 quos

489 1169 663 1225 peperit
685 1169 724 1212 ei
750 1169 970 1224 Aseneth,
994 1168 1087 1210 filia
1118 1168 1360 1225 Putiphare
1394 1168 1636 1211 sacerdotis
1667 1169 1968 1225 Heliopoleos.
1991 1168 2025 1196 51
2050 1169 2329 1226 Vocavitque

490 1242 652 1271 nomen
675 1227 982 1285 primogeniti,
1018 1228 1267 1284 Manasses,
1296 1227 1447 1271 dicens
1469 1244 1478 1271 ε
1507 1227 1722 1270 Oblivisci
1747 1242 1818 1271 me
1847 1228 1961 1271 fecit
1987 1229 2105 1271 Deus
2131 1229 2330 1271 omnium

490 1286 691 1330 laborum
717 1302 935 1342 meorum,
962 1291 1006 1330 et
1033 1287 1188 1330 domus
1213 1287 1352 1344 patris
1377 1286 1478 1330 mei.
1506 1285 1543 1312 5⁸²
1568 1287 1743 1330 Nomen
1770 1301 1941 1343 quoque
1967 1287 2151 1330 secundi
2176 1287 2330 1344 appel-

490 1346 602 1388 lavit
629 1347 863 1402 Ephraim,
889 1346 1067 1390 dicens:
1094 1347 1299 1390 Crescere
1322 1360 1391 1389 me
1414 1345 1526 1389 fecit
1550 1347 1670 1389 Deus
1692 1346 1738 1389 in
1763 1352 1880 1389 terra
1901 1346 2178 1403 paupertatis
2203 1361 2327 1390 meae.

549 1405 587 1432 ⁵3
612 1406 757 1462 Igitur
789 1405 1027 1448 transactis
1060 1410 1233 1462 septem
1262 1405 1478 1449 ubertatis
1511 1406 1661 1462 annis,
1697 1405 1771 1462 qui
1804 1406 1986 1449 fuerant
2021 1406 2068 1448 in
2100 1407 2329 1463 AEgypto,

491 1464 527 1490 54
546 1470 774 1521 coeperunt
803 1465 954 1508 venire
988 1470 1158 1521 septem
1189 1464 1295 1507 anni
1325 1464 1509 1521 inopiae,
1542 1479 1649 1521 quos
1682 1465 1951 1521 praedixerat
1984 1465 2175 1522 Joseph,
2210 1469 2255 1508 et
2282 1464 2330 1507 in

491 1523 696 1567 universo
726 1525 829 1567 orbe
851 1526 997 1567 fames
1020 1524 1281 1580 praevaluit,
1309 1523 1355 1566 in
1375 1530 1535 1567 cuncta
1553 1530 1703 1568 autem
1725 1530 1841 1567 terra
1863 1525 2054 1582 AEgypti
2071 1525 2202 1581 panis
2220 1530 2328 1568 erat.

491 1583 527 1609 55
561 1584 654 1634 Qua
696 1584 939 1639 esuriente,
983 1583 1196 1626 clamavit
1236 1583 1425 1640 populus
1462 1583 1518 1626 ad
1560 1584 1863 1640 Pharaonem,
1902 1584 2118 1627 alimenta
2158 1589 2328 1640 petens.

492 1642 658 1692 Quibus
680 1642 755 1685 ille
777 1642 1027 1700 respondit:
1050 1644 1119 1685 Ite
1141 1643 1198 1685 ad
1217 1643 1399 1699 Joseph,
1420 1648 1464 1686 et
1486 1643 1699 1699 quidquid
1721 1643 1815 1699 ipse
1833 1643 1959 1686 vobis
1978 1643 2153 1699 dixerit,
2173 1643 2329 1686 facite.

492 1701 528 1728 56
551 1702 788 1745 Crescebat
825 1707 975 1745 autem
1009 1702 1205 1758 quotidie
1245 1702 1391 1745 fames
1428 1701 1472 1744 in
1510 1702 1630 1744 omni
1666 1707 1817 1757 terra3
1859 1702 2118 1758 aperuitque
2160 1702 2328 1758 Joseph

491 1761 697 1804 universa
719 1762 893 1817 horrea,
920 1766 973 1804 et.
989 1761 1214 1804 vendebat
1242 1761 1498 1818 AEgyptiis3
1525 1776 1629 1804 nam
1663 1767 1707 1804 et
1732 1761 1832 1804 illos
1859 1766 2136 1818 oppresserat
2168 1762 2328 1805 fames.

491 1819 526 1846 57
553 1820 802 1876 Omnesque
836 1820 1078 1877 provinciae
1111 1820 1354 1864 veniebant
1390 1819 1436 1862 in
1477 1821 1751 1877 AEgyptum,
1786 1824 1835 1863 ut
1872 1825 2070 1864 emerent
2106 1834 2251 1876 escas,
2285 1825 2332 1863 et

491 1880 658 1922 malum
684 1879 844 1937 inopiae
867 1884 1180 1936 temperarent.

696 2024 858 2067 SECTIO
894 2024 957 2066 II.
983 2050 1042 2055 --
1075 2024 1250 2066 JOSEPH
1286 2035 1380 2067 CUM
1415 2035 1670 2079 FRATRIBUS
1703 2036 1800 2066 sU1s
1833 2036 1883 2066 IN
1917 2024 2127 2066 AEGYPTO

924 2145 948 2202 ξ
983 2146 1019 2188 Ι.
1044 2171 1104 2178 —
1135 2145 1345 2188 Primum
1377 2146 1458 2188 iter
1476 2145 1686 2200 fratrum
1716 2145 1896 2202 Joseph.

553 2261 659 2304 CAP.
694 2261 845 2303 XLII.
866 2287 926 2293 —
947 2260 960 2286 ¹
981 2259 1182 2303 Audiens
1212 2265 1363 2303 autem
1396 2260 1538 2303 Jacob
1573 2259 1689 2316 quod
1718 2259 1934 2303 alimenta
1959 2259 2257 2303 venderentur
2284 2259 2330 2302 in

494 2321 707 2376 AEgypto,
729 2319 841 2362 dixit
859 2319 962 2362 filiis
979 2319 1092 2363 suis:
1111 2320 1251 2371 Quare
1271 2319 1529 2375 negligitis?
1545 2318 1740 2362 ‘2Audivi
1759 2320 1875 2375 quod
1893 2319 2091 2362 triticum
2110 2318 2333 2362 venunde-

493 2384 564 2422 tur
581 2379 626 2421 in
645 2380 869 2436 AEgypto3
892 2378 1170 2435 descendite,
1193 2383 1237 2422 et
1259 2379 1392 2422 emite
1415 2378 1543 2421 nobis
1565 2378 1836 2435 necessaria,
1854 2383 1904 2421 ut
1924 2378 2141 2435 possimus
2159 2377 2326 2433 vivere,

494 2444 537 2482 et
570 2453 657 2482 non
684 2452 995 2481 consumamur
1019 2438 1184 2495 inopia.
1207 2438 1225 2464 3
1243 2438 1576 2481 Descendentes
1602 2437 1739 2494 igitur
1762 2438 1925 2481 fratres
1950 2437 2120 2493 Joseph
2152 2437 2328 2492 decem,

493 2503 542 2540 ut
564 2503 761 2541 emerent
785 2498 1014 2541 frumenta
1038 2498 1084 2540 in
1106 2498 1328 2554 AEgypto,
1359 2497 1377 2523 4
1401 2497 1642 2553 Benjamin
1669 2496 1788 2540 domi
1812 2501 1985 2540 retento
2014 2511 2040 2538 a
2065 2496 2228 2552 Jacob,
2257 2497 2331 2551 qui

494 2557 668 2600 dixerat
703 2557 920 2600 fratribus
957 2556 1055 2613 ejus
1089 2573 1098 2600 τ
1136 2557 1203 2600 Νο
1245 2557 1361 2600 forte
1402 2556 1449 2599 in
1489 2556 1646 2600 itinere
1684 2556 1926 2612 quidquam
1965 2554 2162 2612 patiatur
2201 2556 2331 2610 mali,

494 2617 511 2643 5
529 2616 717 2672 ingressi
741 2621 845 2659 sunt
868 2621 1033 2660 terram
1055 2616 1246 2673 AEgypti
1272 2630 1373 2659 cum
1390 2616 1490 2658 aliis
1516 2615 1590 2672 qui
1612 2615 1860 2674 pergebant
1877 2614 1933 2658 ad
1952 2614 2203 2658 emendum.
2224 2615 2333 2658 Erat

494 2680 643 2718 autem
668 2676 814 2719 fames
835 2675 882 2719 in
907 2681 1023 2719 terra
1049 2676 1279 2720 Chanaan.

553 2735 570 2761 ⁶
589 2736 646 2778 Et
668 2735 837 2792 Joseph
867 2739 962 2778 erat
991 2735 1199 2792 princeps
1229 2735 1275 2777 in
1304 2739 1420 2778 terra
1450 2734 1661 2792 AEgypti,
1689 2739 1821 2790 atque
1846 2733 1903 2776 ad
1929 2733 1970 2789 ej
1981 2748 2026 2776 us
2048 2737 2206 2776 nutum
2238 2734 2333 2776 fru-

494 2799 646 2838 menta
685 2794 859 2850 populis
892 2793 1214 2837 vendebantur.
1250 2795 1446 2850 Cumque
1484 2794 1744 2837 adorassent
1776 2807 1876 2836 eum
1917 2792 2080 2835 fratres
2117 2792 2208 2848 sui,
2247 2792 2262 2819 ⁷
2287 2797 2333 2836 et

495 2852 752 2910 agnovisset
777 2867 871 2909 eos,
895 2852 1021 2909 quasi
1043 2853 1098 2896 ad
1121 2853 1291 2896 alienos
1315 2853 1464 2896 durius
1482 2853 1757 2908 loquebatur,
1780 2852 2058 2907 interrogans
2080 2866 2177 2895 eos:
2201 2851 2334 2896 Unde

495 2912 711 2956 venistis?
739 2912 821 2964 Qui
846 2912 1169 2969 responderunt
1191 2929 1200 2955 ε
1226 2914 1293 2955 De
1319 2917 1435 2955 terra
1463 2912 1695 2966 Chanaan,
1722 2916 1771 2954 ut
1795 2925 1994 2954 emamus
2021 2910 2159 2953 victui
2182 2925 2333 2954 neces-

496 2971 624 3015 saria.
643 2972 660 2998 8
679 2973 737 3015 Et
754 2977 905 3015 tamen
923 2972 1085 3015 fratres
1110 2971 1203 3028 ipse
1226 2985 1519 3027 cognoscens,
1543 2986 1632 3014 non
1651 2975 1715 3015 est
1734 2969 1938 3026 cognitus
1961 2969 2017 3012 ab
2037 2969 2113 3013 eis.
2133 2969 2150 2996 ⁹
2170 2971 2331 3013 Recor-

497 3031 712 3087 datusque
746 3030 1036 3086 somniorum,
1067 3046 1166 3087 quae
1196 3030 1436 3086 aliquando
1465 3030 1658 3086 viderat,
1694 3029 1757 3073 ait
1789 3029 1846 3072 ad
1879 3043 1984 3072 eos:
2012 3028 2328 3086 Exploratores

498 3090 626 3142 estis;
656 3095 704 3133 ut
725 3090 916 3133 videatis
949 3090 1191 3133 infirmiora
1216 3094 1343 3133 terrae
1367 3090 1564 3133 venistis.
1593 3089 1629 3116 ¹⁰
1647 3089 1729 3140 Qui
1755 3088 1963 3131 dixerunt
1985 3104 1994 3131 :
2024 3088 2124 3131 Non
2155 3092 2220 3130 est
2246 3087 2330 3139 ita,

499 3149 702 3205 domine3
725 3150 801 3192 sed
826 3149 941 3193 servi
966 3149 1031 3192 tui
1055 3154 1273 3193 venerunt
1298 3154 1346 3192 ut
1372 3153 1570 3192 emerent
1595 3148 1731 3192 cibos.
1755 3147 1787 3173 ¹¹
1809 3147 1973 3191 Omnes
1995 3146 2075 3190 filii
2102 3146 2229 3190 unius
2247 3146 2331 3189 viri
2366 3153 2378 3164 ”

498 3223 675 3263 sumus3
705 3208 880 3265 pacifici
910 3208 1132 3265 venimus,
1166 3223 1248 3252 nec
1281 3208 1522 3265 quidquam
1557 3206 1719 3250 famuli
1751 3206 1817 3249 tui
1855 3206 2169 3249 machinantur
2209 3205 2332 3248 mali.

500 3267 536 3294 ¹2
560 3268 726 3318 Quibus
758 3267 833 3310 ille
865 3267 1124 3324 respondit:
1152 3267 1297 3311 Aliter
1328 3271 1421 3322 est3
1454 3266 1692 3310 immunita
1723 3271 1852 3309 terrae
1883 3265 2017 3322 hujus
2051 3264 2333 3309 considerare

501 3326 698 3370 venistis.
722 3326 758 3353 ¹3
775 3328 837 3370 At
861 3326 926 3369 illi
946 3343 955 3371 :
984 3327 1249 3382 Duodecim,
1268 3325 1495 3383 inquiunt,
1519 3326 1635 3370 servi
1657 3324 1742 3381 tui,
1765 3325 1929 3368 fratres
1951 3339 2121 3379 sumus,
2147 3323 2227 3366 filii
2246 3324 2333 3366 viri

500 3386 627 3429 unius
663 3386 707 3428 in
743 3391 860 3429 terra
890 3386 1127 3440 Chanaan3
1159 3386 1370 3428 minimus
1407 3399 1508 3428 cum
1540 3390 1666 3442 patre
1699 3389 1849 3427 nostro
1879 3389 1966 3439 est,
1998 3383 2111 3426 alter
2143 3397 2229 3426 non
2264 3389 2332 3426 est

500 3459 644 3501 super.
672 3444 706 3471 14
726 3445 824 3488 Ηο0
847 3450 932 3500 est,
960 3444 1043 3501 ait,
1073 3445 1189 3500 quod
1214 3444 1386 3488 locutus
1408 3458 1505 3487 sum
1525 3459 1534 3487 :
1559 3443 1871 3500 Exploratores
1894 3442 2014 3486 estis.
2033 3442 2069 3468 ¹5
2087 3442 2191 3485 Jam
2215 3456 2333 3485 nunc

501 3609 550 3642 ⁵0]
570 3608 634 3635 inf.
653 3608 779 3642 XLVI,
800 3610 836 3635 20
856 3611 890 3635 et
912 3607 1074 3640 Xvan,
1093 3610 1119 3635 5.
