2391 3861
751 114 814 156 iv
852 115 986 155 Esou.
1025 111 1137 156 VH.
1171 111 1227 153 50
1260 136 1316 141 —
1350 108 1490 161 viii,
1524 107 1593 149 36.
2148 101 2224 143 19*

126 287 164 312 5⁰
179 294 227 326 Et
251 293 426 333 quoniam
451 293 631 332 proedicta
652 295 704 324 est
731 292 834 323 nobis
855 292 1023 330 perennis
1047 298 1146 329 spes,
1175 297 1239 321 nos
1261 296 1347 320 vero
1373 286 1516 326 pessimi
1541 285 1625 317 vani
1652 283 1739 316 facti
1761 291 1898 315 sumus.
1924 273 1953 300 5¹
1980 281 2025 312 Et
2048 279 2225 319 quoniam

124 346 283 385 reposita
306 347 395 377 sunt
419 344 522 376 nobis
546 344 762 376 habitacula
782 342 953 375 sanitatis
974 344 1011 374 et
1035 340 1269 379 securitatis;
1292 348 1356 371 nos
1379 345 1466 370 vero
1491 338 1587 370 malo
1611 334 1819 368 conversati
1844 342 1982 366 sumus.
2011 323 2045 350 ⁵²
2067 331 2115 364 Et
2140 339 2227 370 quo-

125 397 223 429 niam
250 397 415 436 reposita
437 402 493 428 est
510 395 628 434 gloria
650 394 851 434 Altissimi,
876 396 1069 433 protegere
1089 401 1151 425 eos
1175 391 1237 430 qui
1261 391 1368 423 tarde
1390 389 1600 422 conversati
1617 391 1727 425 sunt;
1748 395 1813 418 nos
1831 388 1957 418 autern
1976 383 2141 423 pessimis
2158 381 2228 414 viis

123 447 407 481 ambulavimus,
432 439 467 465 53
490 447 536 478 Et
560 444 736 486 quoniam
763 445 983 478 ostendetur
1011 444 1219 484 paradis—us,
1248 444 1351 481 cujus
1386 442 1530 473 fructus
1563 440 1801 478 incorruptus
1832 438 2062 477 perseverat,
2091 434 2127 466 in
2156 442 2228 473 quo

123 503 180 533 est
203 499 380 546 securitas
407 501 445 530 et
468 499 631 535 medela:
654 489 688 515 5⁴¹·
706 505 772 529 nos
793 505 879 529 vero
899 504 972 528 non
997 494 1254 535 ingrediemur,
1278 493 1313 525 in
1332 493 1490 532 ingratis
1512 491 1607 525 enim
1630 490 1717 522 locis
1741 488 1947 522 conversati
1968 495 2105 519 sumus.
2125 478 2161 504 55
2181 486 2228 517 Et

119 550 297 591 -quoniam
329 557 440 589 super
467 550 592 581 stellas
621 549 818 587 fulgebunt
850 547 961 579 facies
985 555 1110 579 eorum
1144 546 1205 584 qui
1240 544 1505 577 abstinentiam
1539 544 1774 581 habuerunt;
1801 543 1938 572 nostroe
1963 540 2088 571 autem
2117 537 2229 570 facies

124 610 232 642 super
256 600 426 633 tenebras
451 599 579 638 nigrae.
601 592 636 617 66
654 600 736 631 Non
760 600 855 632 enim
877 598 1122 638 cogitavimus
1140 597 1305 628 viventes
1328 596 1476 634 (mando
1503 595 1736 633 iniquitatem
1760 593 2000 629 faciebamuS‚
2023 590 2121 629 quod
2142 589 2228 622 inci—

124 653 262 694 piemus
283 653 367 691 post
390 653 549 683 mortem
576 651 665 690 pati.

177 696 210 722 ⁵⁷
230 703 278 735 Et
301 703 510 742 respondit,
535 703 573 734 et
597 701 692 734 dixit
710 713 717 734 z
744 702 820 734 Hoc
837 703 892 735 est
910 701 1199 741 cogitamentum
1217 698 1431 732 certaminis
1451 699 1548 737 quod
1565 697 1723 729 certabit
1741 697 1806 736 qui
1827 704 1939 735 super
1957 698 2095 727 terrani
2118 696 2230 725 natus

118 758 180 788 est
198 755 326 794 homo,
353 746 388 771 ⁵⁸
405 758 449 785 ut
469 753 498 785 si
520 754 641 785 victus
669 753 802 793 fucrit,
824 754 992 793 patiatur
1011 752 1109 792 quod
1134 751 1282 790 dixisti;
1305 750 1333 782 si
1355 752 1479 781 autem
1499 749 1648 788 vicerit,
1670 749 1821 787 recipiet
1842 748 1939 787 quod
1965 746 2065 784 dico;
2091 737 2126 763 59
2143 753 2230 784 quo-

124 808 225 839 niam
247 807 326 838 haee
346 813 401 838 est
426 805 503 837 vita
527 813 638 844 quam
660 805 801 844 Moyses
826 804 921 837 dixit
940 813 1023 837 cum
1046 804 1207 842 viveret,
1231 803 1277 835 ad
1299 803 1475 841 populum
1497 802 1621 833 dicens
1641 811 1648 833 :
1674 800 1777 838 Elige
1801 799 1868 832 tibi
1895 799 2030 837 vitam,
2049 801 2091 829 ut
2117 797 2229 828 vivas.

125 850 162 876 66
178 858 258 890 Non
280 857 518 889 crediderunt
544 858 668 888 autem
693 858 745 896 ei,
774 857 834 889 sed
864 865 930 888 nec
954 857 1034 895 post
1062 863 1145 888 eum
1178 854 1388 894 prophetls;
1413 854 1474 885 sed
1504 861 1570 885 nec
1594 851 1684 884 mihi
1709 853 1773 890 qui
1804 853 1948 883 locutus
1976 857 2058 881 sum
2087 848 2133 880 ad
2160 856 2229 880 eos.

124 902 157 927 ‘⁵¹
175 909 352 948 Quoniam
373 917 447 940 non
465 910 560 940 esset
585 907 741 940 tristitia
770 909 806 940 in
832 907 1075 948 perditionem
1100 914 1248 946 eorum,
1269 906 1365 938 sicut
1389 906 1559 937 futurum
1586 906 1642 936 est
1663 902 1841 942 gaudium
1866 910 1977 941 super
1996 909 2076 939 eos,
2098 900 2232 939 quibus

123 969 302 1001 persuasa
330 963 386 993 est
410 961 519 992 salus.

177 1004 214 1031 ⁶2
231 1013 279 1044 Et
305 1013 495 1052 respondi,
521 1014 559 1044 et·
583 1011 686 1044 dixi:
716 1011 816 1051 Scio,
842 1010 1015 1050 Domine,
1044 1010 1216 1050 quoniam
1245 1011 1396 1041 vocatus
1424 1011 1480 1040 est
1504 1007 1715 1040 Altissimus
1745 1005 1970 1044 misericors,
1999 1005 2036 1036 in
2064 1012 2107 1037 eo
2134 1003 2232 1043 quod

125 1066 346 1098 misereatur
370 1064 426 1096 his
450 1063 512 1103 qui
535 1064 696 1096 nondum
714 1064 754 1095 in
775 1064 910 1095 saeculo
927 1063 1175 1101 advenerunt,
1192 1053 1229 1080 63
1243 1064 1280 1093 et
1297 1061 1395 1100 quod
1413 1060 1609 1092 miseretur
1625 1058 1698 1090 illis
1715 1057 1777 1097 qui
1795 1057 2071 1089 conversionem
2090 1054 2233 1087 faciunt

125 1117 163 1149 in
188 1118 266 1155 lege
289 1117 391 1155 ejus;
413 1107 449 1133 ⁶4
467 1118 505 1148 et
529 1115 750 1154 longanimis
774 1117 848 1154 est,
873 1113 1044 1154 quoniam
1074 1113 1396 1152 longanimitatem
1422 1113 1580 1152 praestat
1602 1111 1659 1142 his
1683 1111 1747 1149 qni
1767 1109 2011 1149 peccaverunt
2032 1106 2138 1146 quasi
2159 1106 2234 1138 suis

125 1168 319 1208 operibus;
345 1159 382 1185 65
398 1170 436 1200 et
464 1168 661 1199 munificus
684 1169 760 1206 est,
784 1167 958 1206 quoniam
984 1164 1131 1205 quidem
1157 1166 1296 1197 donare
1316 1165 1399 1196 vult
1425 1172 1492 1203 pro
1516 1161 1732 1202 exigentiis;
1759 1152 1795 1179 66
1813 1163 1852 1193 et
1875 1161 2003 1192 multae
2032 1158 2234 1191 misericor-

124 1220 216 1259 diae,
241 1220 418 1258 quoniam
440 1218 665 1259 multiplicat
685 1217 805 1258 magis
828 1217 1100 1250 misericordias
1120 1216 1178 1248 his
1198 1216 1261 1256 qui
1290 1217 1492 1255 praesentes
1517 1216 1625 1254 sunt,
1650 1215 1688 1246 et
1715 1213 1778 1253 qui
1802 1212 2085 1252 praeterierunt,
2108 1212 2147 1243 et
2171 1210 2235 1248 qui

126 1271 245 1304 futuri
269 1273 367 1304 sunt.
394 1262 429 1289 67
449 1270 484 1302 Si
508 1272 608 1303 enim
629 1278 702 1302 non
732 1269 1038 1310 multiplicaverit
1072 1267 1340 1301 misericordias
1369 1275 1472 1307 suas,
1497 1275 1571 1299 non
1593 1264 1842 1298 vivificabitur
1869 1265 2045 1296 saeculum
2070 1270 2153 1295 cum
2177 1261 2236 1293 his

124 1323 189 1363 qui
212 1322 522 1355 iniiereditabuut
541 1322 581 1354 in
604 1330 656 1355 eo.
679 1313 716 1340 ⁶⁸
736 1322 784 1354 Et
808 1322 942 1361 donat,
966 1321 1140 1360 quoniam
1165 1319 1194 1352 si
1218 1328 1293 1351 non
1313 1319 1511 1351 donaverit
1533 1319 1577 1350 de
1600 1317 1766 1350 bonitate
1786 1324 1872 1355 sua,
1893 1317 1936 1347 ut
1961 1316 2172 1347 alleventur
2194 1312 2235 1344 hi

127 1376 189 1414 qui
215 1375 459 1414 iniquitatem
478 1375 665 1413 fecerunt,
682 1374 727 1406 de
747 1374 822 1405 suis
838 1373 1099 1412 iniquitatibus
1118 1380 1195 1404 non
1215 1370 1355 1411 poterit
1371 1371 1491 1403 decies
1512 1369 1707 1402 millesima
1726 1377 1810 1408 pars
1830 1367 2011 1399 vivificari
2030 1365 2235 1398 hominum.

127 1418 163 1444 ⁶9
182 1427 231 1459 Et
255 1427 365 1466 judex
386 1425 415 1458 si
440 1434 516 1458 non
536 1427 725 1465 ignoverit
748 1425 805 1457 his
825 1426 889 1465 qui
905 1423 1026 1457 curati
1045 1425 1134 1456 sunt
1152 1424 1268 1457 verbo
1284 1424 1373 1463 ejus,
1391 1424 1429 1455 et
1450 1422 1632 1455 deleverit
1650 1419 1928 1452 multitudinem
1945 1417 2236 1457 contentionum,

125 1486 200 1511 non
224 1477 396 1510 fortassis
419 1477 770 1517 derelinquerentur
795 1477 834 1509 in
857 1476 1124 1509 innumerabili
1144 1474 1406 1515 multitudine,
1427 1474 1496 1507 nisi
1523 1473 1631 1514 pauci
1652 1472 1772 1505 vaide.

177 1530 265 1562 CAP.
287 1529 391 1562 VIII.
411 1547 454 1552 —
474 1520 487 1546 1
506 1529 554 1560 Et
575 1529 767 1568 respondit
791 1529 837 1561 ad
858 1537 934 1569 me,
950 1530 990 1561 et
1010 1527 1105 1560 dixit
1124 1538 1132 1561 ε
1156 1528 1234 1560 Hoc
1255 1528 1431 1560 saeculum
1453 1527 1542 1558 fecIt
1567 1524 1776 1558 Altissimus
1797 1527 1949 1563 propter
1966 1523 2115 1560 multos,
2135 1521 2236 1552 futu·

125 1590 210 1615 rum
232 1583 356 1614 autem
382 1583 536 1624 propter
559 1589 706 1620 paucos.
732 1573 750 1600 ²
768 1580 897 1612 Dicam
921 1582 1048 1612 autem
1076 1587 1198 1611 coram
1222 1580 1261 1611 te
1285 1578 1586 1618 similitudinem,
1612 1577 1738 1609 Esdra.
1765 1575 1953 1614 Quomodo
1976 1575 2101 1606 autem
2126 1572 2239 1604 inter-

126 1632 273 1673 rogabis
295 1635 454 1671 terram,
472 1635 511 1663 et
532 1632 629 1664 dicet
650 1631 737 1671 tibi,
754 1632 929 1670 quoniam
950 1631 1054 1663 dabit
1076 1634 1215 1663 terram
1242 1632 1405 1662 multam
1428 1629 1547 1669 magis
1571 1629 1670 1661 unde
1690 1628 1755 1660 fiat
1780 1627 1911 1663 fictile,
1931 1633 2087 1665 parvum
2112 1627 2237 1657 autem

126 1685 316 1726 pulverem
340 1683 439 1715 unde
463 1691 598 1715 aurum
622 1683 686 1722 fit3
711 1683 762 1714 sie
789 1685 827 1715 et
850 1684 958 1715 actus
981 1682 1176 1722 praesentis
1204 1681 1340 1714 saeculi.
1367 1673 1382 1699 3
1400 1682 1510 1714 Multi
1536 1681 1685 1720 quidem
1711 1678 1826 1711 creati
1851 1682 1956 1716 sunt,
1981 1678 2087 1716 pauci
2112 1677 2236 1708 autem

124 1736 386 1769 salvabuntur.
1395 1762 1398 1766 ,

181 1779 197 1806 '⁴
216 1787 266 1820 Et
289 1786 481 1827 respondi,
505 1788 543 1819 et
571 1786 648 1819 dixi
668 1797 676 1820 :
699 1786 866 1819 Absorbe
894 1794 1000 1827 ergo,
1025 1785 1166 1827 anima,
1189 1793 1355 1825 sensum,
1380 1786 1418 1816 et
1443 1784 1580 1815 devora
1600 1783 1700 1822 quod
1729 1783 1838 1822 sapit.
1867 1775 1883 1800 5
1900 1780 2112 1813 Convenisti
2140 1779 2238 1811 enim

128 1839 324 1879 obaudire,
345 1839 384 1871 et
407 1838 632 1878 prophetare
651 1840 790 1870 volens.
815 1838 890 1870 Nec
915 1838 1012 1870 enim
1038 1836 1106 1869 tibi
1133 1838 1263 1869 datum
1287 1838 1343 1869 est
1368 1835 1550 1876 spatium,
1574 1834 1645 1867 nisi
1670 1833 1901 1866 solummodo
1923 1832 2060 1864 vivere.
2083 1822 2099 1848 6
2116 1831 2145 1863 O
2170 1831 2238 1862 Do-

132 1893 249 1931 mine,
272 1890 301 1923 si
325 1898 398 1922 nou
425 1889 620 1930 permittes
644 1898 751 1922 servo
774 1891 858 1929 tuo,
879 1892 924 1922 ut
948 1897 1092 1922 oremus
1117 1897 1240 1921 coram
1265 1890 1322 1927 te,
1347 1889 1385 1920 et
1410 1888 1472 1919 des
1495 1885 1599 1918 nobis
1623 1894 1746 1918 semen
1770 1884 1890 1924 cordi,
1910 1885 1948 1916 et
1973 1883 2097 1915 sensui
2122 1883 2240 1914 cultu-

129 1951 231 1983 ram,
259 1943 356 1975 unde
384 1941 531 1974 tructus
556 1943 641 1982 fiat,
667 1942 766 1974 unde
787 1942 914 1974 vivere
934 1940 1048 1981 possit
1073 1940 1191 1973 omnis
1215 1941 1434 1979 corruptus,
1453 1937 1518 1978 qui
1547 1937 1715 1978 portabit
1739 1938 1860 1969 locum
1885 1935 2043 1967 hominis
2058 1935 2073 1966 Ρ
2099 1926 2115 1952 7
2138 1934 2241 1967 Solus

130 1994 231 2028 enim
256 2003 312 2035 eS‚
336 1995 374 2027 et
402 2002 479 2026 una
506 1992 702 2033 plasmatio
729 2001 795 2025 nos
823 2001 951 2026 sumus
975 2001 1156 2025 manuum
1185 1993 1357 2032 tuarum,
1381 1990 1476 2023 sicut
1499 1990 1644 2021 locutus
1672 1997 1729 2027 es:
1760 1981 1776 2007 8
1792 1990 1832 2021 et
1861 1987 2042 2027 quomodo
2074 1993 2173 2018 nunc
2202 1985 2242 2018 in

134 2046 286 2079 matrice
319 2047 542 2085 plasmatum
566 2047 622 2078 est
650 2053 799 2085 corpus,
827 2046 866 2078 et
897 2046 1053 2084 praestas
1081 2045 1266 2083 membra,
1291 2044 1532 2076 conservatur
1559 2042 1598 2073 in
1622 2042 1707 2080 igne
1738 2042 1775 2073 et
1811 2048 1905 2079 aqua
1929 2039 1995 2071 tua
2020 2037 2179 2076 creatio,
2203 2040 2243 2070 et

133 2106 265 2130 novem
290 2097 474 2130 mensibus
499 2097 643 2137 patitur
663 2098 730 2129 tua
753 2096 952 2137 plasmatio
977 2098 1080 2129 tuam
1104 2097 1314 2129 creaturam
1335 2103 1420 2135 quae
1444 2093 1482 2126 in
1501 2101 1545 2126 ea
1569 2094 1693 2125 creata
1716 2093 1794 2132 est;
1821 2083 1837 2110 9
1854 2092 1975 2131 ipsum
1995 2091 2119 2122 autem
2144 2090 2242 2129 quod

132 2153 277 2190 servat,
300 2152 339 2182 et
361 2150 461 2189 quod
485 2151 668 2189 servatur,
693 2151 852 2188 utraque
876 2149 1149 2188 servabuntur;
1177 2149 1397 2186 servataque
1421 2145 1640 2186 quandoque
1664 2145 1804 2176 iterum
1832 2143 1954 2176 reddit
1975 2141 2132 2181 matrix,
2157 2149 2241 2180 quae

133 2202 173 2234 in
197 2210 239 2234 ea
263 2204 483 2241 creverunt3
508 2192 542 2219 ¹⁰
560 2200 751 2241 imperasti
774 2200 872 2232 enim
900 2209 945 2233 ex
969 2200 1054 2240 ipsis
1078 2200 1275 2239 membris,
1299 2199 1369 2231 1100
1394 2199 1450 2231 est
1473 2196 1648 2229 mamillis
1668 2196 1834 2236 praebere
1858 2196 1915 2227 lae
1940 2194 2082 2226 fructui
2100 2192 2242 2225 mamil-

136 2256 280 2294 larum,
308 2244 337 2270 ¹¹
354 2255 398 2286 ut
422 2253 618 2286 nutriatur
641 2253 678 2285 id
703 2253 801 2292 quod
828 2254 1053 2292 plasmatum
1080 2253 1137 2284 est
1161 2260 1277 2292 usque
1305 2252 1346 2283 in
1369 2253 1516 2289 tempus
1543 2248 1709 2288 aliquod,
1733 2249 1772 2280 et
1803 2251 1930 2287 postea
1963 2245 2131 2285 disponas
2159 2253 2242 2277 eum

135 2309 213 2339 tuae
238 2305 511 2338 misericordiae.
531 2296 565 2323 12
583 2304 767 2337 Enutristi
791 2312 875 2337 eum
897 2306 962 2337 tua
985 2304 1151 2344 justitia,
1181 2306 1218 2336 et
1242 2301 1396 2336 erudisti
1416 2310 1500 2334 eum
1524 2300 1564 2332 in
1584 2301 1664 2339 lege
1685 2302 1769 2340 tua,
1786 2301 1824 2332 et
1845 2298 2056 2338 corripuisti
2076 2305 2162 2328 eum
2178 2298 2244 2328 tuo

136 2359 351 2397 intellectu3
375 2348 409 2375 13
429 2361 467 2389 et
497 2357 739 2389 mortificabis
766 2365 871 2396 eum,
900 2359 944 2389 ut
980 2358 1088 2388 tuam
1115 2358 1353 2394 creaturam3
1381 2356 1419 2387 et
1450 2351 1652 2385 vivificabis
1683 2360 1786 2391 eum,
1818 2353 1861 2383 ut
1888 2358 1978 2390 opus
2007 2351 2127 2381 tuum.
2151 2339 2185 2366 14
2208 2348 2243 2380 Si

135 2418 224 2449 ergo
248 2409 450 2449 perdideris
474 2417 559 2442 eum
580 2410 644 2448 qui
672 2408 787 2440 tantis
812 2409 1000 2440 laboribus
1020 2409 1227 2448 plasmatus
1250 2408 1325 2446 est,
1350 2408 1417 2439 tuo
1439 2406 1542 2445 jussu
1565 2404 1678 2437 facile
1702 2405 1758 2436 est
1779 2402 1957 2441 ordinari,
1976 2404 2019 2433 ut
2034 2402 2072 2433 ei:
2093 2400 2130 2432 id
2146 2400 2245 2439 qumi

136 2462 251 2495 fiebat
275 2463 498 2494 servaretur.
522 2452 556 2479 ¹5
577 2461 626 2492 Et
653 2469 771 2500 nunc,
798 2460 970 2500 Domine,
999 2460 1147 2492 dicam:
1170 2460 1223 2491 De
1247 2458 1347 2491 omni
1378 2457 1529 2489 homine
1556 2458 1599 2488 tu
1626 2455 1743 2494 magis
1770 2453 1862 2493 scis;
1893 2455 1936 2486 de
1961 2453 2093 2493 populo
2118 2453 2244 2484 autem

137 2519 222 2554 tuo,
245 2513 292 2546 ob
315 2521 424 2553 quem
449 2514 571 2553 doleo,
595 2503 629 2530 16
646 2515 684 2545 et
708 2513 753 2546 de
772 2512 980 2545 hereditate
1000 2513 1085 2552 tua,
1109 2514 1261 2552 propter
1285 2518 1399 2551 quam
1420 2510 1546 2548 luge0,
1567 2510 1604 2541 et
1632 2509 1788 2548 propter
1812 2507 1945 2545 Israel,
1967 2505 2118 2545 propter
2134 2511 2244 2543 quem

138 2566 261 2598 tristis
284 2574 385 2605 sum,
405 2567 442 2598 et
462 2566 507 2597 de
530 2564 664 2605 Jacob,
688 2566 842 2604 propter
861 2572 969 2603 quem
994 2564 1111 2596 doleo.
1136 2554 1168 2581 ¹⁷
1186 2563 1275 2595 Ideo
1298 2560 1473 2602 incipiam
1497 2568 1603 2593 orare
1627 2567 1751 2592 coram
1779 2560 1817 2591 te
1837 2566 1904 2598 pro
1924 2565 2001 2597 me,
2025 2560 2062 2589 et
2084 2563 2151 2596 pro
2175 2555 2246 2595 eis,

136 2617 312 2657 quoniam
337 2617 443 2650 video
464 2618 586 2657 lapsus
610 2618 756 2649 nostros
780 2615 843 2656 qui
867 2616 1117 2648 inhabitamus
1138 2616 1289 2648 terram.
1315 2605 1349 2632 ¹⁸
1364 2613 1431 2646 Sed
1452 2612 1578 2645 audivi
1602 2612 1835 2644 celeritatem
1854 2608 1984 2649 judicis
2008 2607 2072 2647 qui
2093 2607 2246 2639 futurus

135 2671 206 2702 est.
234 2661 268 2688 19
285 2669 374 2702 Ideo
395 2669 484 2701 audi
504 2677 631 2701 vocem
652 2677 794 2708 meam,
814 2669 851 2701 et
879 2668 1049 2707 intellige
1073 2675 1281 2700 sermonem
1302 2673 1444 2706 meum,
1464 2666 1503 2697 et
1524 2665 1654 2704 loquar
1673 2671 1796 2696 coram
1819 2664 1869 2694 te.

192 2712 228 2739 2⁰
242 2721 397 2754 Initium
410 2721 608 2753 verborum
624 2721 750 2752 Esdrae
769 2721 989 2760 priusquam
1007 2720 1261 2752 assumeretur
1275 2729 1284 2759 3
1298 2720 1336 2751 et
1353 2717 1450 2750 dixi:
1468 2715 1631 2755 Domine,
1644 2715 1708 2754 qui
1728 2713 1919 2746 inhabitas
1935 2714 2129 2751 saeculum,
2143 2712 2247 2750 cujus

139 2775 236 2806 oculi
262 2773 396 2806 elevati
419 2773 458 2805 in
478 2781 638 2813 superna
661 2774 699 2805 et
722 2780 826 2812 aere,
849 2763 882 2791 ²¹
897 2774 936 2804 et
955 2772 1061 2811 cujus
1081 2771 1241 2803 thronus
1259 2768 1550 2808 inaestimabilis,
1567 2769 1605 2800 et
1625 2766 1744 2806 gioria
1760 2762 2165 2804 incomp1·ehens1bilis;
2185 2763 2246 2794 cui

142 2827 245 2858 astat
276 2825 458 2858 exercitus
483 2825 701 2864 angelorum
726 2832 809 2857 cum
837 2826 1018 2862 tremore,
1041 2816 1080 2842 ²²
1104 2831 1265 2863 quorum
1289 2821 1452 2854 servatio
1480 2820 1519 2852 in
1547 2821 1660 2852 vento
1687 2820 1726 2852 et
1758 2817 1835 2857 igni
1860 2817 2117 2854 convertitur3
2142 2815 2247 2854 cujus

139 2878 296 2910 verbum
322 2885 451 2910 verum
477 2879 516 2909 et
540 2877 642 2908 dicta
665 2876 963 2916 perseverantia;
988 2866 1025 2894 23
1041 2876 1144 2915 cujus
1162 2867 1274 2915 jussio
1295 2873 1421 2913 fortis,
1446 2874 1484 2905 et
1512 2871 1702 2911 dispositio
1726 2869 1924 2906 terribilis;
1949 2869 2052 2906 cujus
2082 2868 2250 2906 aspectus

141 2929 298 2962 arefacit
323 2929 488 2969 abyssos,
512 2931 551 2961 et
574 2928 785 2967 indignatio
809 2928 994 2960 tabescere
1018 2927 1110 2959 tacit
1133 2929 1295 2965 montes,
1325 2928 1362 2957 et
1386 2924 1524 2957 veritas
1556 2922 1804 2955 testificatur:
1829 2913 1866 2939 24
1884 2920 2017 2952 exaudi
2044 2918 2248 2951 orationem

142 2981 240 3014 servi
264 2981 340 3021 tui,
363 2983 403 3014 et
425 2981 579 3013 auribus
607 2979 754 3019 percipe
782 2978 1031 3020 precationem
1055 2978 1223 3018 figmenti
1249 2977 1316 3010 tui.
1348 2969 1384 2995 ²5
1402 2977 1497 3009 Dum
1522 2974 1620 3008 enim
1644 2974 1748 3013 vivo,
1777 2975 1926 3011 loquar:
1952 2976 1988 3003 et
2014 2971 2103 3002 dum
2130 2970 2248 3009 sapi0‚

142 3033 389 3074 respondebo;
415 3024 454 3052 ²⁶
478 3041 545 3065 nec
572 3032 742 3072 respicias
767 3031 891 3071 populi
915 3030 973 3063 tui
1000 3030 1151 3071 delicta,
1176 3030 1240 3062 sed
1267 3028 1331 3069 qui
1355 3028 1421 3060 tibi
1449 3028 1490 3060 in
1517 3026 1675 3059 veritate
1702 3026 1883 3057 serviunt.
1913 3015 1949 3041 '²⁷
1976 3023 2051 3054 Nec
2079 3021 2250 3054 intendas

143 3085 258 3124 impia
288 3085 456 3125 gentium
488 3083 631 3123 studia;
663 3084 727 3116 sed
758 3084 821 3123 qui
845 3085 914 3115 tua
947 3081 1158 3115 testimonia
1189 3089 1273 3113 cum
1301 3079 1488 3113 doloribus
1512 3077 1778 3111 custodierunt.
1805 3067 1840 3094 2⁸
1857 3075 1931 3108 Nec
1956 3075 2093 3113 cogites
2120 3073 2185 3113 qui
2212 3073 2250 3104 in

144 3140 342 3177 conspectu
373 3139 440 3169 tuo
471 3137 564 3169 false
596 3134 804 3168 conversati
832 3137 940 3175 sunt,
970 3135 1033 3167 sed
1061 3140 1266 3166 memorare
1297 3132 1359 3172 qui
1391 3140 1435 3164 ex
1464 3132 1659 3162 voluntate
1687 3131 1756 3160 tua
1783 3129 1956 3160 timorem
1986 3126 2251 3165 cognoverunt.

145 3179 182 3206 29
205 3188 332 3228 Neque
352 3189 512 3222 volueris
536 3188 689 3228 perdere
714 3187 775 3227 qui
798 3187 978 3226 pecudum
1002 3193 1121 3218 mores
1145 3185 1379 3223 habuerunt;
1405 3183 1468 3215 sed
1488 3182 1658 3221 respicias
1678 3188 1738 3213 eos
1764 3179 1828 3219 qui
1859 3180 1976 3218 legem
2002 3182 2106 3210 tuam
2135 3178 2252 3216 splen—

146 3240 233 3273 dide
259 3241 477 3274 docuerunt.
504 3232 541 3259 30
560 3241 633 3273 Nec
657 3239 861 3278 indigneris
884 3239 935 3270 eis
967 3237 1030 3277 qui
1053 3236 1177 3270 bestiis
1208 3237 1349 3276 pejores
1377 3233 1529 3274 judicati
1553 3234 1663 3270 sunt;
1689 3232 1751 3264 sed
1777 3231 1907 3270 diligas
1932 3238 1991 3262 eos
2020 3230 2085 3269 qui
2112 3236 2254 3268 semper

146 3293 186 3324 in
209 3294 279 3324 tua
300 3293 444 3333 justitia
473 3292 682 3332 confidunt,
709 3294 748 3324 et
770 3290 899 3330 gloria.
927 3281 957 3308 31
974 3289 1152 3329 Quoniam
1177 3297 1244 3320 nos
1267 3290 1305 3319 et
1330 3290 1454 3326 patres
1477 3284 1595 3317 nostri
1616 3283 1752 3316 talibus
1784 3282 1919 3315 morbis
1944 3283 2187 3321 languemus;
2209 3282 2253 3312 tn

145 3345 274 3376 autem
298 3348 450 3384 propter
481 3353 546 3377 nos
570 3346 781 3384 peccatores
809 3343 1019 3374 misericors
1043 3339 1244 3373 vocaberis.
1271 3331 1306 3357 32
1326 3338 1363 3371 Si
1391 3338 1489 3371 enim
1519 3336 1783 3369 desideraveris
1811 3336 1854 3367 ut
1885 3333 2005 3366 nostri
2027 3332 2254 3371 miserearis,

148 3396 240 3427 tunc
267 3395 472 3429 misericors
496 3395 704 3434 vocaberis,
729 3393 833 3426 nobis
857 3398 983 3426 autem
1004 3401 1078 3425 non
1102 3390 1328 3424 habentibus
1355 3398 1466 3430 opera
1489 3388 1658 3429 justitiae.
1684 3378 1720 3406 33
1734 3387 1835 3419 Justi
1859 3386 1956 3419 enim
1970 3410 1979 3426 ‚
2003 3385 2139 3425 quibus
2166 3391 2255 3416 sunt

145 3455 257 3487 opera
281 3449 400 3480 multa
423 3450 603 3489 reposita,
623 3456 668 3479 ex
689 3445 850 3487 propriis
873 3445 1043 3485 operibus
1063 3443 1241 3484 recipient
1262 3442 1481 3475 mercedem.
1509 3432 1546 3459 34
1565 3439 1660 3479 Quid
1684 3440 1740 3471 est
1762 3438 1860 3471 enim
1884 3438 2016 3477 homo,
2036 3440 2079 3470 ut
2102 3438 2137 3470 ei
2161 3437 2255 3468 indi-

149 3499 290 3539 gneris;
318 3502 387 3532 aut
410 3508 526 3539 genus
553 3499 816 3539 corruptibile,
845 3499 888 3530 ut
915 3497 969 3529 ita
991 3504 1139 3528 amarus
1170 3495 1219 3527 sis
1247 3495 1291 3527 de
1320 3494 1424 3534 ipso?
1454 3484 1491 3511 35
1511 3492 1557 3524 In
1580 3491 1743 3524 veritate
1771 3491 1891 3530 enim,
1915 3497 2023 3522 nemo
2047 3490 2092 3522 de
2120 3488 2255 3528 genitis

147 3551 300 3591 est,qui
320 3559 394 3584 non
418 3552 530 3592 impie
554 3551 686 3591 gessit;
711 3552 750 3583 et
775 3550 818 3582 de
843 3548 1124 3587 confitentibus,
1139 3548 1203 3587 qui
1221 3555 1295 3579 non
1307 3545 1477 3584 deliquit.
1488 3536 1524 3563 36
1550 3544 1595 3576 In
1607 3543 1676 3576 hoc
1692 3541 1789 3575 enim
1807 3541 2096 3574 annuntiabitur
2111 3540 2256 3580 iustitia

148 3603 233 3642 tua,
252 3604 290 3636 et
314 3603 458 3636 bonitas
480 3605 564 3645 tua,
579 3603 752 3643 Domine,
775 3609 859 3634 cum
881 3601 1051 3633 misertus
1077 3598 1191 3632 fueris
1214 3599 1266 3631 eis
1291 3598 1354 3637 qui
1378 3605 1452 3629 non
1470 3596 1612 3628 habent
1628 3594 1876 3627 substantiam
1893 3593 2074 3626 bonorum
2092 3599 2256 3632 operum.
