<?xml version="1.0" encoding="UTF-8"?>
<!DOCTYPE html PUBLIC "-//W3C//DTD XHTML 1.0 Transitional//EN"
    "http://www.w3.org/TR/xhtml1/DTD/xhtml1-transitional.dtd">
<html xmlns="http://www.w3.org/1999/xhtml" xml:lang="en" lang="en">
 <head>
  <title>
</title>
<meta http-equiv="Content-Type" content="text/html;charset=utf-8" />
  <meta name='ocr-system' content='tesseract 3.04.00' />
  <meta name='ocr-capabilities' content='ocr_page ocr_carea ocr_par ocr_line ocrx_word'/>
</head>
<body>
  <div class='ocr_page' id='page_1' title='image "./bibliasacrajuxta00fill_0059.png"; bbox 0 0 2456 3861; ppageno 0'>
   <div class='ocr_carea' id='block_1_1' title="bbox 717 119 2011 174">
    <p class='ocr_par' dir='ltr' id='par_1_1' title="bbox 717 119 2011 174">
     <span class='ocr_line' id='line_1_1' title="bbox 717 119 2011 174; baseline -0.001 -12"><span class='ocrx_word' id='word_1_1' title='bbox 717 120 832 162; x_wconf 65' lang='lat' dir='ltr'>cm.</span> <span class='ocrx_word' id='word_1_2' title='bbox 866 119 1021 174; x_wconf 80' lang='lat' dir='ltr'>XLII,</span> <span class='ocrx_word' id='word_1_3' title='bbox 1059 120 1111 162; x_wconf 79' lang='lat' dir='ltr'>1ss</span> <span class='ocrx_word' id='word_1_4' title='bbox 1137 146 1195 151; x_wconf 90' lang='lat'><em>-</em></span> <span class='ocrx_word' id='word_1_5' title='bbox 1227 119 1406 173; x_wconf 81' lang='lat' dir='ltr'>XLIII,</span> <span class='ocrx_word' id='word_1_6' title='bbox 1442 120 1480 161; x_wconf 86' lang='lat'>5.</span> <span class='ocrx_word' id='word_1_7' title='bbox 1955 120 2011 161; x_wconf 84' lang='lat'>43</span> 
     </span>
    </p>
   </div>
   <div class='ocr_carea' id='block_1_2' title="bbox 142 287 2019 2866">
    <p class='ocr_par' dir='ltr' id='par_1_2' title="bbox 192 287 2012 577">
     <span class='ocr_line' id='line_1_2' title="bbox 193 287 2011 347; baseline -0.002 -14"><span class='ocrx_word' id='word_1_8' title='bbox 193 290 543 347; x_wconf 80' lang='lat' dir='ltr'>experimentum</span> <span class='ocrx_word' id='word_1_9' title='bbox 581 288 714 331; x_wconf 77' lang='lat' dir='ltr'>vestri</span> <span class='ocrx_word' id='word_1_10' title='bbox 752 289 927 344; x_wconf 81' lang='lat' dir='ltr'>capiam</span> <span class='ocrx_word' id='word_1_11' title='bbox 961 304 970 331; x_wconf 92' lang='lat'>:</span> <span class='ocrx_word' id='word_1_12' title='bbox 1004 303 1081 345; x_wconf 91' lang='lat' dir='ltr'>per</span> <span class='ocrx_word' id='word_1_13' title='bbox 1113 289 1300 331; x_wconf 81' lang='lat' dir='ltr'>salutem</span> <span class='ocrx_word' id='word_1_14' title='bbox 1335 287 1577 330; x_wconf 76' lang='lat' dir='ltr'>Pharaonis</span> <span class='ocrx_word' id='word_1_15' title='bbox 1611 302 1695 329; x_wconf 90' lang='lat' dir='ltr'>non</span> <span class='ocrx_word' id='word_1_16' title='bbox 1723 288 2011 343; x_wconf 80' lang='lat' dir='ltr'>egrediemini</span> 
     </span>
     <span class='ocr_line' id='line_1_3' title="bbox 194 346 2011 403; baseline -0.002 -11"><span class='ocrx_word' id='word_1_17' title='bbox 194 350 317 403; x_wconf 86' lang='lat' dir='ltr'>hinc,</span> <span class='ocrx_word' id='word_1_18' title='bbox 349 348 487 391; x_wconf 90' lang='lat' dir='ltr'>donec</span> <span class='ocrx_word' id='word_1_19' title='bbox 522 347 673 390; x_wconf 73' lang='lat' dir='ltr'>veniat</span> <span class='ocrx_word' id='word_1_20' title='bbox 702 347 840 390; x_wconf 81' lang='lat' dir='ltr'>frater</span> <span class='ocrx_word' id='word_1_21' title='bbox 866 352 1010 390; x_wconf 84' lang='lat' dir='ltr'>vester</span> <span class='ocrx_word' id='word_1_22' title='bbox 1039 347 1259 389; x_wconf 87' lang='lat' dir='ltr'>minimus.</span> <span class='ocrx_word' id='word_1_23' title='bbox 1295 347 1330 373; x_wconf 74' lang='lat'>¹⁶</span> <span class='ocrx_word' id='word_1_24' title='bbox 1357 346 1521 389; x_wconf 88' lang='lat' dir='ltr'>Mittite</span> <span class='ocrx_word' id='word_1_25' title='bbox 1551 360 1605 388; x_wconf 85' lang='lat' dir='ltr'>ex</span> <span class='ocrx_word' id='word_1_26' title='bbox 1630 346 1756 388; x_wconf 83' lang='lat' dir='ltr'>vobis</span> <span class='ocrx_word' id='word_1_27' title='bbox 1782 361 1937 398; x_wconf 80' lang='lat' dir='ltr'>unuin,</span> <span class='ocrx_word' id='word_1_28' title='bbox 1968 352 2011 389; x_wconf 87' lang='lat' dir='ltr'>et</span> 
     </span>
     <span class='ocr_line' id='line_1_4' title="bbox 192 404 2012 460; baseline -0.002 -9"><span class='ocrx_word' id='word_1_29' title='bbox 192 408 385 451; x_wconf 84' lang='lat' dir='ltr'>adducat</span> <span class='ocrx_word' id='word_1_30' title='bbox 413 421 536 460; x_wconf 82' lang='lat' dir='ltr'>eum3</span> <span class='ocrx_word' id='word_1_31' title='bbox 562 421 638 448; x_wconf 85' lang='lat' dir='ltr'>vos</span> <span class='ocrx_word' id='word_1_32' title='bbox 663 411 812 449; x_wconf 86' lang='lat' dir='ltr'>autem</span> <span class='ocrx_word' id='word_1_33' title='bbox 834 406 955 449; x_wconf 85' lang='lat' dir='ltr'>eritis</span> <span class='ocrx_word' id='word_1_34' title='bbox 981 406 1025 448; x_wconf 91' lang='lat' dir='ltr'>in</span> <span class='ocrx_word' id='word_1_35' title='bbox 1052 406 1260 460; x_wconf 83' lang='lat' dir='ltr'>vinculis,</span> <span class='ocrx_word' id='word_1_36' title='bbox 1287 405 1426 448; x_wconf 90' lang='lat' dir='ltr'>donec</span> <span class='ocrx_word' id='word_1_37' title='bbox 1451 404 1690 460; x_wconf 80' lang='lat' dir='ltr'>probentur</span> <span class='ocrx_word' id='word_1_38' title='bbox 1714 419 1811 460; x_wconf 75' lang='lat' dir='ltr'>quae</span> <span class='ocrx_word' id='word_1_39' title='bbox 1839 405 2012 448; x_wconf 75' lang='lat' dir='ltr'>dixistis</span> 
     </span>
     <span class='ocr_line' id='line_1_5' title="bbox 193 463 2012 521; baseline -0.002 -12"><span class='ocrx_word' id='word_1_40' title='bbox 193 471 338 509; x_wconf 90' lang='lat' dir='ltr'>utrum</span> <span class='ocrx_word' id='word_1_41' title='bbox 365 480 468 507; x_wconf 78' lang='lat' dir='ltr'>vera</span> <span class='ocrx_word' id='word_1_42' title='bbox 492 479 549 507; x_wconf 86' lang='lat' dir='ltr'>an</span> <span class='ocrx_word' id='word_1_43' title='bbox 575 465 691 507; x_wconf 81' lang='lat' dir='ltr'>falsa</span> <span class='ocrx_word' id='word_1_44' title='bbox 716 465 829 519; x_wconf 79' lang='lat' dir='ltr'>sint3</span> <span class='ocrx_word' id='word_1_45' title='bbox 854 465 1070 520; x_wconf 88' lang='lat' dir='ltr'>alioquin,</span> <span class='ocrx_word' id='word_1_46' title='bbox 1097 479 1174 521; x_wconf 84' lang='lat' dir='ltr'>per</span> <span class='ocrx_word' id='word_1_47' title='bbox 1206 465 1393 507; x_wconf 84' lang='lat' dir='ltr'>salutem</span> <span class='ocrx_word' id='word_1_48' title='bbox 1427 463 1688 519; x_wconf 83' lang='lat' dir='ltr'>Pharaonis,</span> <span class='ocrx_word' id='word_1_49' title='bbox 1713 464 2012 519; x_wconf 76' lang='lat' dir='ltr'>exploratores</span> 
     </span>
     <span class='ocr_line' id='line_1_6' title="bbox 192 523 1434 577; baseline -0.002 -9"><span class='ocrx_word' id='word_1_50' title='bbox 192 524 310 568; x_wconf 87' lang='lat' dir='ltr'>estis.</span> <span class='ocrx_word' id='word_1_51' title='bbox 342 524 371 550; x_wconf 74' lang='lat'>¹7</span> <span class='ocrx_word' id='word_1_52' title='bbox 391 523 595 566; x_wconf 80' lang='lat' dir='ltr'>Tradidit</span> <span class='ocrx_word' id='word_1_53' title='bbox 620 538 722 577; x_wconf 87' lang='lat' dir='ltr'>ergo</span> <span class='ocrx_word' id='word_1_54' title='bbox 748 523 846 566; x_wconf 90' lang='lat' dir='ltr'>illos</span> <span class='ocrx_word' id='word_1_55' title='bbox 872 523 1082 565; x_wconf 73' lang='lat' dir='ltr'>custodiae</span> <span class='ocrx_word' id='word_1_56' title='bbox 1106 523 1244 565; x_wconf 86' lang='lat' dir='ltr'>tribus</span> <span class='ocrx_word' id='word_1_57' title='bbox 1266 523 1434 566; x_wconf 79' lang='lat' dir='ltr'>diebus,</span> 
     </span>
    </p>

    <p class='ocr_par' dir='ltr' id='par_1_3' title="bbox 142 581 2015 1462">
     <span class='ocr_line' id='line_1_7' title="bbox 254 581 2009 638; baseline -0.002 -13"><span class='ocrx_word' id='word_1_58' title='bbox 254 584 286 609; x_wconf 67' lang='lat'>¹⁸</span> <span class='ocrx_word' id='word_1_59' title='bbox 310 583 393 626; x_wconf 89' lang='lat' dir='ltr'>Die</span> <span class='ocrx_word' id='word_1_60' title='bbox 419 588 568 625; x_wconf 87' lang='lat' dir='ltr'>autem</span> <span class='ocrx_word' id='word_1_61' title='bbox 594 582 723 625; x_wconf 88' lang='lat' dir='ltr'>tertio</span> <span class='ocrx_word' id='word_1_62' title='bbox 749 581 918 624; x_wconf 83' lang='lat' dir='ltr'>eductis</span> <span class='ocrx_word' id='word_1_63' title='bbox 938 582 989 623; x_wconf 89' lang='lat' dir='ltr'>de</span> <span class='ocrx_word' id='word_1_64' title='bbox 1013 595 1206 636; x_wconf 80' lang='lat' dir='ltr'>carcere,</span> <span class='ocrx_word' id='word_1_65' title='bbox 1225 581 1288 623; x_wconf 88' lang='lat' dir='ltr'>ait</span> <span class='ocrx_word' id='word_1_66' title='bbox 1311 599 1319 626; x_wconf 72' lang='grc' dir='ltr'>ε</span> <span class='ocrx_word' id='word_1_67' title='bbox 1348 582 1503 625; x_wconf 82' lang='lat' dir='ltr'>Facite</span> <span class='ocrx_word' id='word_1_68' title='bbox 1522 596 1619 638; x_wconf 84' lang='lat' dir='ltr'>quae</span> <span class='ocrx_word' id='word_1_69' title='bbox 1638 581 1744 636; x_wconf 85' lang='lat' dir='ltr'>dixi,</span> <span class='ocrx_word' id='word_1_70' title='bbox 1763 586 1808 625; x_wconf 89' lang='lat' dir='ltr'>et</span> <span class='ocrx_word' id='word_1_71' title='bbox 1825 581 2009 635; x_wconf 73' lang='lat' dir='ltr'>vivetis,</span> 
     </span>
     <span class='ocr_line' id='line_1_8' title="bbox 193 639 2011 697; baseline -0.001 -13"><span class='ocrx_word' id='word_1_72' title='bbox 193 644 336 685; x_wconf 85' lang='lat' dir='ltr'>Deum</span> <span class='ocrx_word' id='word_1_73' title='bbox 370 642 489 684; x_wconf 91' lang='lat' dir='ltr'>enim</span> <span class='ocrx_word' id='word_1_74' title='bbox 521 641 669 683; x_wconf 90' lang='lat' dir='ltr'>timeo.</span> <span class='ocrx_word' id='word_1_75' title='bbox 701 640 733 665; x_wconf 81' lang='lat'>¹⁰</span> <span class='ocrx_word' id='word_1_76' title='bbox 751 640 794 683; x_wconf 83' lang='lat' dir='ltr'>Si</span> <span class='ocrx_word' id='word_1_77' title='bbox 824 639 997 696; x_wconf 84' lang='lat' dir='ltr'>pacifici</span> <span class='ocrx_word' id='word_1_78' title='bbox 1024 639 1153 694; x_wconf 87' lang='lat' dir='ltr'>estis,</span> <span class='ocrx_word' id='word_1_79' title='bbox 1187 640 1328 682; x_wconf 78' lang='lat' dir='ltr'>frater</span> <span class='ocrx_word' id='word_1_80' title='bbox 1352 646 1496 683; x_wconf 78' lang='lat' dir='ltr'>vester</span> <span class='ocrx_word' id='word_1_81' title='bbox 1521 655 1632 683; x_wconf 87' lang='lat' dir='ltr'>unus</span> <span class='ocrx_word' id='word_1_82' title='bbox 1657 640 1818 697; x_wconf 82' lang='lat' dir='ltr'>liget-ur</span> <span class='ocrx_word' id='word_1_83' title='bbox 1844 640 1887 682; x_wconf 92' lang='lat' dir='ltr'>in</span> <span class='ocrx_word' id='word_1_84' title='bbox 1919 654 2011 682; x_wconf 83' lang='lat' dir='ltr'>car-</span> 
     </span>
     <span class='ocr_line' id='line_1_9' title="bbox 192 698 2011 754; baseline -0.001 -13"><span class='ocrx_word' id='word_1_85' title='bbox 192 715 287 743; x_wconf 81' lang='lat' dir='ltr'>cere</span> <span class='ocrx_word' id='word_1_86' title='bbox 308 718 317 754; x_wconf 78' lang='lat'><em>3</em></span> <span class='ocrx_word' id='word_1_87' title='bbox 346 714 423 743; x_wconf 90' lang='lat' dir='ltr'>vos</span> <span class='ocrx_word' id='word_1_88' title='bbox 447 705 595 742; x_wconf 86' lang='lat' dir='ltr'>autem</span> <span class='ocrx_word' id='word_1_89' title='bbox 620 699 761 752; x_wconf 85' lang='lat' dir='ltr'>abite,</span> <span class='ocrx_word' id='word_1_90' title='bbox 788 703 832 741; x_wconf 89' lang='lat' dir='ltr'>et</span> <span class='ocrx_word' id='word_1_91' title='bbox 856 698 971 741; x_wconf 78' lang='lat' dir='ltr'>ferte</span> <span class='ocrx_word' id='word_1_92' title='bbox 997 698 1223 740; x_wconf 79' lang='lat' dir='ltr'>frumenta</span> <span class='ocrx_word' id='word_1_93' title='bbox 1245 712 1341 753; x_wconf 77' lang='lat' dir='ltr'>quae</span> <span class='ocrx_word' id='word_1_94' title='bbox 1369 699 1549 753; x_wconf 86' lang='lat' dir='ltr'>emistis,</span> <span class='ocrx_word' id='word_1_95' title='bbox 1576 699 1621 741; x_wconf 90' lang='lat' dir='ltr'>in</span> <span class='ocrx_word' id='word_1_96' title='bbox 1647 699 1798 742; x_wconf 87' lang='lat' dir='ltr'>domos</span> <span class='ocrx_word' id='word_1_97' title='bbox 1817 705 2011 752; x_wconf 74' lang='lat' dir='ltr'>vestras3</span> 
     </span>
     <span class='ocr_line' id='line_1_10' title="bbox 192 756 2012 813; baseline -0.002 -11"><span class='ocrx_word' id='word_1_98' title='bbox 192 760 227 785; x_wconf 70' lang='lat'>&#39;²⁰</span> <span class='ocrx_word' id='word_1_99' title='bbox 245 764 289 802; x_wconf 86' lang='lat' dir='ltr'>et</span> <span class='ocrx_word' id='word_1_100' title='bbox 314 759 499 801; x_wconf 78' lang='lat' dir='ltr'>fratrem</span> <span class='ocrx_word' id='word_1_101' title='bbox 525 762 721 800; x_wconf 80' lang='lat' dir='ltr'>vestrum</span> <span class='ocrx_word' id='word_1_102' title='bbox 750 756 983 798; x_wconf 89' lang='lat' dir='ltr'>minimum</span> <span class='ocrx_word' id='word_1_103' title='bbox 1008 756 1064 798; x_wconf 85' lang='lat' dir='ltr'>ad</span> <span class='ocrx_word' id='word_1_104' title='bbox 1098 770 1168 799; x_wconf 89' lang='lat' dir='ltr'>me</span> <span class='ocrx_word' id='word_1_105' title='bbox 1200 756 1428 806; x_wconf 81' lang='lat' dir='ltr'>adducite,</span> <span class='ocrx_word' id='word_1_106' title='bbox 1455 762 1501 799; x_wconf 86' lang='lat' dir='ltr'>ut</span> <span class='ocrx_word' id='word_1_107' title='bbox 1535 758 1697 813; x_wconf 83' lang='lat' dir='ltr'>possim</span> <span class='ocrx_word' id='word_1_108' title='bbox 1725 764 1891 801; x_wconf 86' lang='lat' dir='ltr'>vestros</span> <span class='ocrx_word' id='word_1_109' title='bbox 1915 772 2012 813; x_wconf 85' lang='lat' dir='ltr'>pro-</span> 
     </span>
     <span class='ocr_line' id='line_1_11' title="bbox 192 814 2013 871; baseline -0.002 -11"><span class='ocrx_word' id='word_1_110' title='bbox 192 817 294 860; x_wconf 86' lang='lat' dir='ltr'>bare</span> <span class='ocrx_word' id='word_1_111' title='bbox 325 831 568 871; x_wconf 84' lang='lat' dir='ltr'>sermones,</span> <span class='ocrx_word' id='word_1_112' title='bbox 592 821 637 859; x_wconf 91' lang='lat' dir='ltr'>et</span> <span class='ocrx_word' id='word_1_113' title='bbox 661 830 748 858; x_wconf 91' lang='lat' dir='ltr'>non</span> <span class='ocrx_word' id='word_1_114' title='bbox 774 814 1037 858; x_wconf 84' lang='lat' dir='ltr'>moriamini.</span> <span class='ocrx_word' id='word_1_115' title='bbox 1066 816 1285 858; x_wconf 82' lang='lat' dir='ltr'>Fecerunt</span> <span class='ocrx_word' id='word_1_116' title='bbox 1318 820 1366 857; x_wconf 91' lang='lat' dir='ltr'>ut</span> <span class='ocrx_word' id='word_1_117' title='bbox 1397 815 1589 869; x_wconf 75' lang='lat' dir='ltr'>dixerat,</span> <span class='ocrx_word' id='word_1_118' title='bbox 1616 816 1648 842; x_wconf 69' lang='lat'>2¹</span> <span class='ocrx_word' id='word_1_119' title='bbox 1674 822 1718 859; x_wconf 89' lang='lat' dir='ltr'>et</span> <span class='ocrx_word' id='word_1_120' title='bbox 1750 816 1885 859; x_wconf 88' lang='lat' dir='ltr'>locuti</span> <span class='ocrx_word' id='word_1_121' title='bbox 1911 824 2013 859; x_wconf 79' lang='lat' dir='ltr'>sunt</span> 
     </span>
     <span class='ocr_line' id='line_1_12' title="bbox 191 873 2011 930; baseline -0.002 -11"><span class='ocrx_word' id='word_1_122' title='bbox 191 877 246 919; x_wconf 87' lang='lat' dir='ltr'>ad</span> <span class='ocrx_word' id='word_1_123' title='bbox 270 876 461 919; x_wconf 85' lang='lat' dir='ltr'>invicem</span> <span class='ocrx_word' id='word_1_124' title='bbox 484 893 493 920; x_wconf 73' lang='grc' dir='ltr'>ι</span> <span class='ocrx_word' id='word_1_125' title='bbox 519 874 680 918; x_wconf 90' lang='lat' dir='ltr'>Merito</span> <span class='ocrx_word' id='word_1_126' title='bbox 709 875 806 917; x_wconf 76' lang='lat' dir='ltr'>haec</span> <span class='ocrx_word' id='word_1_127' title='bbox 830 873 1042 930; x_wconf 86' lang='lat' dir='ltr'>patimur,</span> <span class='ocrx_word' id='word_1_128' title='bbox 1070 873 1173 929; x_wconf 89' lang='lat' dir='ltr'>quia</span> <span class='ocrx_word' id='word_1_129' title='bbox 1198 874 1479 929; x_wconf 79' lang='lat' dir='ltr'>peccavimus</span> <span class='ocrx_word' id='word_1_130' title='bbox 1505 874 1549 916; x_wconf 89' lang='lat' dir='ltr'>in</span> <span class='ocrx_word' id='word_1_131' title='bbox 1579 875 1765 918; x_wconf 75' lang='lat' dir='ltr'>fratrem</span> <span class='ocrx_word' id='word_1_132' title='bbox 1795 880 2011 929; x_wconf 78' lang='lat' dir='ltr'>nostruin,</span> 
     </span>
     <span class='ocr_line' id='line_1_13' title="bbox 193 932 2013 990; baseline -0.002 -13"><span class='ocrx_word' id='word_1_133' title='bbox 193 935 396 978; x_wconf 78' lang='lat' dir='ltr'>videntes</span> <span class='ocrx_word' id='word_1_134' title='bbox 422 934 674 990; x_wconf 83' lang='lat' dir='ltr'>angust-iam</span> <span class='ocrx_word' id='word_1_135' title='bbox 701 933 862 975; x_wconf 74' lang='lat' dir='ltr'>animae</span> <span class='ocrx_word' id='word_1_136' title='bbox 889 932 1027 988; x_wconf 89' lang='lat' dir='ltr'>illins,</span> <span class='ocrx_word' id='word_1_137' title='bbox 1052 932 1155 975; x_wconf 88' lang='lat' dir='ltr'>dum</span> <span class='ocrx_word' id='word_1_138' title='bbox 1182 932 1490 988; x_wconf 78' lang='lat' dir='ltr'>deprecaretur</span> <span class='ocrx_word' id='word_1_139' title='bbox 1519 946 1617 988; x_wconf 88' lang='lat' dir='ltr'>nos,</span> <span class='ocrx_word' id='word_1_140' title='bbox 1651 939 1696 976; x_wconf 89' lang='lat' dir='ltr'>et</span> <span class='ocrx_word' id='word_1_141' title='bbox 1728 948 1813 976; x_wconf 92' lang='lat' dir='ltr'>non</span> <span class='ocrx_word' id='word_1_142' title='bbox 1844 933 2013 975; x_wconf 76' lang='lat' dir='ltr'>audivi-</span> 
     </span>
     <span class='ocr_line' id='line_1_14' title="bbox 192 990 2013 1048; baseline -0.002 -12"><span class='ocrx_word' id='word_1_143' title='bbox 192 1009 287 1037; x_wconf 89' lang='lat' dir='ltr'>mus</span> <span class='ocrx_word' id='word_1_144' title='bbox 307 1011 315 1048; x_wconf 85' lang='lat'><em>3</em></span> <span class='ocrx_word' id='word_1_145' title='bbox 343 992 506 1036; x_wconf 89' lang='lat' dir='ltr'>idcirco</span> <span class='ocrx_word' id='word_1_146' title='bbox 529 992 652 1036; x_wconf 88' lang='lat' dir='ltr'>venit</span> <span class='ocrx_word' id='word_1_147' title='bbox 673 1007 802 1048; x_wconf 87' lang='lat' dir='ltr'>super</span> <span class='ocrx_word' id='word_1_148' title='bbox 823 1005 902 1034; x_wconf 91' lang='lat' dir='ltr'>nos</span> <span class='ocrx_word' id='word_1_149' title='bbox 928 992 1012 1033; x_wconf 86' lang='lat' dir='ltr'>ista</span> <span class='ocrx_word' id='word_1_150' title='bbox 1034 991 1274 1034; x_wconf 85' lang='lat' dir='ltr'>tribulatio.</span> <span class='ocrx_word' id='word_1_151' title='bbox 1294 990 1331 1017; x_wconf 86' lang='grc'>99</span> <span class='ocrx_word' id='word_1_152' title='bbox 1346 993 1382 1034; x_wconf 83' lang='grc' dir='ltr'>Ε</span> <span class='ocrx_word' id='word_1_153' title='bbox 1408 991 1566 1047; x_wconf 89' lang='lat' dir='ltr'>quibus</span> <span class='ocrx_word' id='word_1_154' title='bbox 1591 1006 1702 1034; x_wconf 91' lang='lat' dir='ltr'>unus</span> <span class='ocrx_word' id='word_1_155' title='bbox 1729 992 1906 1046; x_wconf 86' lang='lat' dir='ltr'>Ruben,</span> <span class='ocrx_word' id='word_1_156' title='bbox 1926 993 1987 1033; x_wconf 86' lang='lat' dir='ltr'>ait</span> <span class='ocrx_word' id='word_1_157' title='bbox 2006 1008 2013 1034; x_wconf 91' lang='lat'><strong>:</strong></span> 
     </span>
     <span class='ocr_line' id='line_1_15' title="bbox 192 1050 2013 1108; baseline -0.001 -14"><span class='ocrx_word' id='word_1_158' title='bbox 192 1052 417 1108; x_wconf 86' lang='lat' dir='ltr'>Numquid</span> <span class='ocrx_word' id='word_1_159' title='bbox 440 1066 527 1095; x_wconf 89' lang='lat' dir='ltr'>non</span> <span class='ocrx_word' id='word_1_160' title='bbox 554 1051 645 1095; x_wconf 85' lang='lat' dir='ltr'>dixi</span> <span class='ocrx_word' id='word_1_161' title='bbox 668 1051 818 1094; x_wconf 88' lang='lat' dir='ltr'>vobis:</span> <span class='ocrx_word' id='word_1_162' title='bbox 845 1050 994 1093; x_wconf 86' lang='lat' dir='ltr'>Nolite</span> <span class='ocrx_word' id='word_1_163' title='bbox 1020 1064 1204 1106; x_wconf 86' lang='lat' dir='ltr'>peccare</span> <span class='ocrx_word' id='word_1_164' title='bbox 1230 1050 1275 1092; x_wconf 91' lang='lat' dir='ltr'>in</span> <span class='ocrx_word' id='word_1_165' title='bbox 1293 1065 1500 1106; x_wconf 84' lang='lat' dir='ltr'>puerum:</span> <span class='ocrx_word' id='word_1_166' title='bbox 1524 1055 1568 1093; x_wconf 89' lang='lat' dir='ltr'>ct</span> <span class='ocrx_word' id='word_1_167' title='bbox 1593 1065 1680 1094; x_wconf 92' lang='lat' dir='ltr'>non</span> <span class='ocrx_word' id='word_1_168' title='bbox 1702 1050 1888 1093; x_wconf 88' lang='lat' dir='ltr'>audistis</span> <span class='ocrx_word' id='word_1_169' title='bbox 1914 1051 2013 1093; x_wconf 77' lang='lat' dir='ltr'>me?</span> 
     </span>
     <span class='ocr_line' id='line_1_16' title="bbox 191 1108 2013 1167; baseline -0.002 -13"><span class='ocrx_word' id='word_1_170' title='bbox 191 1126 245 1154; x_wconf 90' lang='lat' dir='ltr'>en</span> <span class='ocrx_word' id='word_1_171' title='bbox 271 1111 451 1167; x_wconf 84' lang='lat' dir='ltr'>sanguis</span> <span class='ocrx_word' id='word_1_172' title='bbox 477 1112 574 1167; x_wconf 84' lang='lat' dir='ltr'>ejus</span> <span class='ocrx_word' id='word_1_173' title='bbox 597 1110 851 1165; x_wconf 82' lang='lat' dir='ltr'>exquiritur.</span> <span class='ocrx_word' id='word_1_174' title='bbox 871 1108 908 1135; x_wconf 98' lang='grc'><strong>93</strong></span> <span class='ocrx_word' id='word_1_175' title='bbox 927 1109 1199 1152; x_wconf 87' lang='lat' dir='ltr'>Nesciebant</span> <span class='ocrx_word' id='word_1_176' title='bbox 1224 1115 1373 1152; x_wconf 86' lang='lat' dir='ltr'>autem</span> <span class='ocrx_word' id='word_1_177' title='bbox 1395 1109 1509 1165; x_wconf 91' lang='lat' dir='ltr'>quod</span> <span class='ocrx_word' id='word_1_178' title='bbox 1536 1109 1807 1165; x_wconf 81' lang='lat' dir='ltr'>intelligeret</span> <span class='ocrx_word' id='word_1_179' title='bbox 1833 1109 2013 1164; x_wconf 82' lang='lat' dir='ltr'>Joseph,</span> 
     </span>
     <span class='ocr_line' id='line_1_17' title="bbox 191 1167 2015 1226; baseline -0.002 -13"><span class='ocrx_word' id='word_1_180' title='bbox 191 1185 241 1213; x_wconf 90' lang='lat' dir='ltr'>eo</span> <span class='ocrx_word' id='word_1_181' title='bbox 263 1171 378 1226; x_wconf 90' lang='lat' dir='ltr'>quod</span> <span class='ocrx_word' id='word_1_182' title='bbox 400 1184 477 1226; x_wconf 91' lang='lat' dir='ltr'>per</span> <span class='ocrx_word' id='word_1_183' title='bbox 506 1170 790 1225; x_wconf 78' lang='lat' dir='ltr'>interpretem</span> <span class='ocrx_word' id='word_1_184' title='bbox 816 1169 1066 1225; x_wconf 87' lang='lat' dir='ltr'>loqueretur</span> <span class='ocrx_word' id='word_1_185' title='bbox 1090 1168 1146 1211; x_wconf 81' lang='lat' dir='ltr'>ad</span> <span class='ocrx_word' id='word_1_186' title='bbox 1171 1182 1258 1211; x_wconf 88' lang='lat' dir='ltr'>eos.</span> <span class='ocrx_word' id='word_1_187' title='bbox 1281 1167 1317 1194; x_wconf 69' lang='lat'>²4</span> <span class='ocrx_word' id='word_1_188' title='bbox 1336 1168 1599 1224; x_wconf 82' lang='lat' dir='ltr'>Avertitque</span> <span class='ocrx_word' id='word_1_189' title='bbox 1629 1183 1674 1212; x_wconf 87' lang='lat' dir='ltr'>se</span> <span class='ocrx_word' id='word_1_190' title='bbox 1700 1182 1947 1225; x_wconf 86' lang='lat' dir='ltr'>parumper,</span> <span class='ocrx_word' id='word_1_191' title='bbox 1972 1174 2015 1210; x_wconf 86' lang='lat' dir='ltr'>et</span> 
     </span>
     <span class='ocr_line' id='line_1_18' title="bbox 142 1226 2015 1284; baseline -0.002 -12"><span class='ocrx_word' id='word_1_192' title='bbox 142 1247 144 1249; x_wconf 59' lang='grc'><strong><em>’</em></strong></span> <span class='ocrx_word' id='word_1_193' title='bbox 190 1229 334 1284; x_wconf 83' lang='lat' dir='ltr'>flevit,</span> <span class='ocrx_word' id='word_1_194' title='bbox 361 1235 405 1272; x_wconf 90' lang='lat' dir='ltr'>et</span> <span class='ocrx_word' id='word_1_195' title='bbox 426 1243 624 1272; x_wconf 89' lang='lat' dir='ltr'>reversus</span> <span class='ocrx_word' id='word_1_196' title='bbox 646 1228 817 1271; x_wconf 89' lang='lat' dir='ltr'>locutus</span> <span class='ocrx_word' id='word_1_197' title='bbox 843 1232 909 1271; x_wconf 91' lang='lat' dir='ltr'>est</span> <span class='ocrx_word' id='word_1_198' title='bbox 933 1227 990 1270; x_wconf 90' lang='lat' dir='ltr'>ad</span> <span class='ocrx_word' id='word_1_199' title='bbox 1015 1241 1102 1270; x_wconf 88' lang='lat' dir='ltr'>eos.</span> <span class='ocrx_word' id='word_1_200' title='bbox 1128 1226 1165 1253; x_wconf 75' lang='grc'>95</span> <span class='ocrx_word' id='word_1_201' title='bbox 1182 1227 1448 1283; x_wconf 88' lang='lat' dir='ltr'>Tollensque</span> <span class='ocrx_word' id='word_1_202' title='bbox 1471 1227 1660 1283; x_wconf 86' lang='lat' dir='ltr'>Simeon,</span> <span class='ocrx_word' id='word_1_203' title='bbox 1688 1232 1732 1270; x_wconf 90' lang='lat' dir='ltr'>et</span> <span class='ocrx_word' id='word_1_204' title='bbox 1757 1227 1902 1283; x_wconf 88' lang='lat' dir='ltr'>ligans</span> <span class='ocrx_word' id='word_1_205' title='bbox 1927 1226 2015 1269; x_wconf 89' lang='lat' dir='ltr'>illis</span> 
     </span>
     <span class='ocr_line' id='line_1_19' title="bbox 190 1285 2015 1344; baseline 0 -16"><span class='ocrx_word' id='word_1_206' title='bbox 190 1288 504 1344; x_wconf 71' lang='lat' dir='ltr'>praesentibus,</span> <span class='ocrx_word' id='word_1_207' title='bbox 527 1287 659 1343; x_wconf 82' lang='lat' dir='ltr'>jussit</span> <span class='ocrx_word' id='word_1_208' title='bbox 691 1287 905 1330; x_wconf 87' lang='lat' dir='ltr'>ministris</span> <span class='ocrx_word' id='word_1_209' title='bbox 938 1291 987 1329; x_wconf 89' lang='lat' dir='ltr'>ut</span> <span class='ocrx_word' id='word_1_210' title='bbox 1011 1285 1248 1342; x_wconf 88' lang='lat' dir='ltr'>implerent</span> <span class='ocrx_word' id='word_1_211' title='bbox 1278 1301 1428 1329; x_wconf 89' lang='lat' dir='ltr'>eorum</span> <span class='ocrx_word' id='word_1_212' title='bbox 1453 1300 1602 1329; x_wconf 86' lang='lat' dir='ltr'>saccos</span> <span class='ocrx_word' id='word_1_213' title='bbox 1627 1286 1796 1341; x_wconf 89' lang='lat' dir='ltr'>tritico,</span> <span class='ocrx_word' id='word_1_214' title='bbox 1823 1290 1868 1328; x_wconf 89' lang='lat' dir='ltr'>et</span> <span class='ocrx_word' id='word_1_215' title='bbox 1891 1299 2015 1342; x_wconf 87' lang='lat' dir='ltr'>repo-</span> 
     </span>
     <span class='ocr_line' id='line_1_20' title="bbox 192 1344 2013 1403; baseline -0.002 -13"><span class='ocrx_word' id='word_1_216' title='bbox 192 1352 346 1390; x_wconf 83' lang='lat' dir='ltr'>nerent</span> <span class='ocrx_word' id='word_1_217' title='bbox 367 1346 579 1403; x_wconf 83' lang='lat' dir='ltr'>pecunias</span> <span class='ocrx_word' id='word_1_218' title='bbox 604 1346 877 1402; x_wconf 89' lang='lat' dir='ltr'>singulorum</span> <span class='ocrx_word' id='word_1_219' title='bbox 902 1345 948 1387; x_wconf 89' lang='lat' dir='ltr'>in</span> <span class='ocrx_word' id='word_1_220' title='bbox 973 1344 1160 1388; x_wconf 91' lang='lat' dir='ltr'>sacculis</span> <span class='ocrx_word' id='word_1_221' title='bbox 1186 1344 1297 1400; x_wconf 90' lang='lat' dir='ltr'>suis,</span> <span class='ocrx_word' id='word_1_222' title='bbox 1321 1345 1435 1388; x_wconf 89' lang='lat' dir='ltr'>datis</span> <span class='ocrx_word' id='word_1_223' title='bbox 1458 1360 1589 1402; x_wconf 89' lang='lat' dir='ltr'>supra</span> <span class='ocrx_word' id='word_1_224' title='bbox 1611 1344 1789 1388; x_wconf 86' lang='lat' dir='ltr'>cibariis</span> <span class='ocrx_word' id='word_1_225' title='bbox 1807 1344 1851 1386; x_wconf 90' lang='lat' dir='ltr'>in</span> <span class='ocrx_word' id='word_1_226' title='bbox 1870 1344 2013 1399; x_wconf 74' lang='lat' dir='ltr'>viam,</span> 
     </span>
     <span class='ocr_line' id='line_1_21' title="bbox 191 1406 597 1462; baseline 0.002 -14"><span class='ocrx_word' id='word_1_227' title='bbox 191 1407 262 1462; x_wconf 91' lang='lat' dir='ltr'>qui</span> <span class='ocrx_word' id='word_1_228' title='bbox 289 1407 493 1449; x_wconf 78' lang='lat' dir='ltr'>fecerunt</span> <span class='ocrx_word' id='word_1_229' title='bbox 521 1406 597 1449; x_wconf 84' lang='lat' dir='ltr'>ita.</span> 
     </span>
    </p>

    <p class='ocr_par' dir='ltr' id='par_1_4' title="bbox 187 1462 2019 2866">
     <span class='ocr_line' id='line_1_22' title="bbox 249 1462 2015 1521; baseline -0.002 -14"><span class='ocrx_word' id='word_1_230' title='bbox 249 1464 286 1491; x_wconf 76' lang='lat'>&#39;2⁰</span> <span class='ocrx_word' id='word_1_231' title='bbox 303 1467 365 1507; x_wconf 88' lang='lat' dir='ltr'>At</span> <span class='ocrx_word' id='word_1_232' title='bbox 389 1464 455 1507; x_wconf 92' lang='lat' dir='ltr'>illi</span> <span class='ocrx_word' id='word_1_233' title='bbox 480 1469 708 1521; x_wconf 87' lang='lat' dir='ltr'>portantes</span> <span class='ocrx_word' id='word_1_234' title='bbox 733 1464 960 1507; x_wconf 78' lang='lat' dir='ltr'>frumenta</span> <span class='ocrx_word' id='word_1_235' title='bbox 985 1464 1031 1506; x_wconf 90' lang='lat' dir='ltr'>in</span> <span class='ocrx_word' id='word_1_236' title='bbox 1052 1464 1188 1507; x_wconf 88' lang='lat' dir='ltr'>asinis</span> <span class='ocrx_word' id='word_1_237' title='bbox 1213 1464 1323 1519; x_wconf 88' lang='lat' dir='ltr'>suis,</span> <span class='ocrx_word' id='word_1_238' title='bbox 1349 1463 1541 1519; x_wconf 77' lang='lat' dir='ltr'>profecti</span> <span class='ocrx_word' id='word_1_239' title='bbox 1570 1468 1684 1506; x_wconf 91' lang='lat' dir='ltr'>sunt.</span> <span class='ocrx_word' id='word_1_240' title='bbox 1707 1462 1742 1489; x_wconf 74' lang='grc'>97</span> <span class='ocrx_word' id='word_1_241' title='bbox 1763 1464 2015 1519; x_wconf 85' lang='lat' dir='ltr'>Apertoque</span> 
     </span>
     <span class='ocr_line' id='line_1_23' title="bbox 190 1522 2015 1579; baseline -0.002 -13"><span class='ocrx_word' id='word_1_242' title='bbox 190 1538 300 1566; x_wconf 90' lang='lat' dir='ltr'>unus</span> <span class='ocrx_word' id='word_1_243' title='bbox 322 1538 470 1579; x_wconf 89' lang='lat' dir='ltr'>sacco,</span> <span class='ocrx_word' id='word_1_244' title='bbox 497 1528 546 1566; x_wconf 92' lang='lat' dir='ltr'>ut</span> <span class='ocrx_word' id='word_1_245' title='bbox 567 1524 692 1566; x_wconf 83' lang='lat' dir='ltr'>daret</span> <span class='ocrx_word' id='word_1_246' title='bbox 715 1522 919 1578; x_wconf 81' lang='lat' dir='ltr'>jumento</span> <span class='ocrx_word' id='word_1_247' title='bbox 943 1523 1158 1579; x_wconf 86' lang='lat' dir='ltr'>pabulum</span> <span class='ocrx_word' id='word_1_248' title='bbox 1183 1522 1228 1565; x_wconf 89' lang='lat' dir='ltr'>in</span> <span class='ocrx_word' id='word_1_249' title='bbox 1255 1522 1513 1578; x_wconf 85' lang='lat' dir='ltr'>diversorio,</span> <span class='ocrx_word' id='word_1_250' title='bbox 1542 1522 1867 1578; x_wconf 87' lang='lat' dir='ltr'>contemplatus</span> <span class='ocrx_word' id='word_1_251' title='bbox 1886 1535 2015 1577; x_wconf 89' lang='lat' dir='ltr'>pecu-</span> 
     </span>
     <span class='ocr_line' id='line_1_24' title="bbox 189 1580 2016 1637; baseline -0.002 -13"><span class='ocrx_word' id='word_1_252' title='bbox 189 1583 308 1625; x_wconf 89' lang='lat' dir='ltr'>niam</span> <span class='ocrx_word' id='word_1_253' title='bbox 335 1583 380 1625; x_wconf 90' lang='lat' dir='ltr'>in</span> <span class='ocrx_word' id='word_1_254' title='bbox 403 1596 474 1626; x_wconf 89' lang='lat' dir='ltr'>ore</span> <span class='ocrx_word' id='word_1_255' title='bbox 500 1582 686 1637; x_wconf 84' lang='lat' dir='ltr'>sacculi,</span> <span class='ocrx_word' id='word_1_256' title='bbox 713 1581 750 1608; x_wconf 79' lang='grc'>98</span> <span class='ocrx_word' id='word_1_257' title='bbox 769 1581 883 1625; x_wconf 84' lang='lat' dir='ltr'>dixit</span> <span class='ocrx_word' id='word_1_258' title='bbox 908 1581 1122 1625; x_wconf 82' lang='lat' dir='ltr'>fratribus</span> <span class='ocrx_word' id='word_1_259' title='bbox 1148 1581 1265 1625; x_wconf 88' lang='lat' dir='ltr'>suis:</span> <span class='ocrx_word' id='word_1_260' title='bbox 1287 1581 1479 1625; x_wconf 86' lang='lat' dir='ltr'>Reddita</span> <span class='ocrx_word' id='word_1_261' title='bbox 1507 1586 1573 1624; x_wconf 92' lang='lat' dir='ltr'>est</span> <span class='ocrx_word' id='word_1_262' title='bbox 1597 1580 1705 1623; x_wconf 86' lang='lat' dir='ltr'>mihi</span> <span class='ocrx_word' id='word_1_263' title='bbox 1729 1580 1940 1636; x_wconf 82' lang='lat' dir='ltr'>pecunia3</span> <span class='ocrx_word' id='word_1_264' title='bbox 1961 1593 2016 1621; x_wconf 87' lang='lat' dir='ltr'>en</span> 
     </span>
     <span class='ocr_line' id='line_1_25' title="bbox 188 1638 2016 1697; baseline -0.003 -13"><span class='ocrx_word' id='word_1_265' title='bbox 188 1641 376 1685; x_wconf 87' lang='lat' dir='ltr'>habetur</span> <span class='ocrx_word' id='word_1_266' title='bbox 401 1641 446 1684; x_wconf 92' lang='lat' dir='ltr'>in</span> <span class='ocrx_word' id='word_1_267' title='bbox 472 1655 612 1684; x_wconf 92' lang='lat' dir='ltr'>sacco.</span> <span class='ocrx_word' id='word_1_268' title='bbox 641 1642 699 1684; x_wconf 87' lang='lat' dir='ltr'>Et</span> <span class='ocrx_word' id='word_1_269' title='bbox 724 1641 1026 1697; x_wconf 78' lang='lat' dir='ltr'>obstupefacti</span> <span class='ocrx_word' id='word_1_270' title='bbox 1055 1641 1329 1697; x_wconf 87' lang='lat' dir='ltr'>turbatique,</span> <span class='ocrx_word' id='word_1_271' title='bbox 1356 1644 1509 1682; x_wconf 91' lang='lat' dir='ltr'>mutuo</span> <span class='ocrx_word' id='word_1_272' title='bbox 1534 1639 1742 1682; x_wconf 84' lang='lat' dir='ltr'>dixerunt</span> <span class='ocrx_word' id='word_1_273' title='bbox 1765 1655 1773 1682; x_wconf 92' lang='lat'>:</span> <span class='ocrx_word' id='word_1_274' title='bbox 1797 1638 2016 1688; x_wconf 85' lang='lat' dir='ltr'>Quidnam</span> 
     </span>
     <span class='ocr_line' id='line_1_26' title="bbox 189 1697 2016 1757; baseline -0.003 -14"><span class='ocrx_word' id='word_1_275' title='bbox 189 1706 255 1743; x_wconf 90' lang='lat' dir='ltr'>est</span> <span class='ocrx_word' id='word_1_276' title='bbox 279 1701 362 1744; x_wconf 89' lang='lat' dir='ltr'>hoc</span> <span class='ocrx_word' id='word_1_277' title='bbox 389 1700 504 1757; x_wconf 89' lang='lat' dir='ltr'>quod</span> <span class='ocrx_word' id='word_1_278' title='bbox 525 1701 638 1744; x_wconf 78' lang='lat' dir='ltr'>fecit</span> <span class='ocrx_word' id='word_1_279' title='bbox 662 1700 790 1743; x_wconf 91' lang='lat' dir='ltr'>nobis</span> <span class='ocrx_word' id='word_1_280' title='bbox 813 1700 963 1744; x_wconf 84' lang='lat' dir='ltr'>Deus?</span> <span class='ocrx_word' id='word_1_281' title='bbox 989 1699 1026 1726; x_wconf 81' lang='grc'>99</span> <span class='ocrx_word' id='word_1_282' title='bbox 1045 1700 1359 1755; x_wconf 88' lang='lat' dir='ltr'>Veneruntque</span> <span class='ocrx_word' id='word_1_283' title='bbox 1384 1699 1440 1741; x_wconf 89' lang='lat' dir='ltr'>ad</span> <span class='ocrx_word' id='word_1_284' title='bbox 1464 1698 1606 1741; x_wconf 79' lang='lat' dir='ltr'>Jacob</span> <span class='ocrx_word' id='word_1_285' title='bbox 1628 1703 1800 1754; x_wconf 89' lang='lat' dir='ltr'>patrem</span> <span class='ocrx_word' id='word_1_286' title='bbox 1822 1712 1948 1739; x_wconf 89' lang='lat' dir='ltr'>suum</span> <span class='ocrx_word' id='word_1_287' title='bbox 1971 1697 2016 1739; x_wconf 90' lang='lat' dir='ltr'>in</span> 
     </span>
     <span class='ocr_line' id='line_1_27' title="bbox 189 1756 2015 1816; baseline -0.001 -14"><span class='ocrx_word' id='word_1_288' title='bbox 189 1764 350 1802; x_wconf 85' lang='lat' dir='ltr'>terram</span> <span class='ocrx_word' id='word_1_289' title='bbox 373 1760 608 1816; x_wconf 83' lang='lat' dir='ltr'>Chanaan,</span> <span class='ocrx_word' id='word_1_290' title='bbox 631 1765 676 1802; x_wconf 91' lang='lat' dir='ltr'>et</span> <span class='ocrx_word' id='word_1_291' title='bbox 697 1764 988 1802; x_wconf 88' lang='lat' dir='ltr'>narraverunt</span> <span class='ocrx_word' id='word_1_292' title='bbox 1010 1759 1050 1803; x_wconf 91' lang='lat' dir='ltr'>ei</span> <span class='ocrx_word' id='word_1_293' title='bbox 1075 1759 1224 1802; x_wconf 90' lang='lat' dir='ltr'>omnia</span> <span class='ocrx_word' id='word_1_294' title='bbox 1249 1773 1346 1814; x_wconf 81' lang='lat' dir='ltr'>quae</span> <span class='ocrx_word' id='word_1_295' title='bbox 1373 1757 1642 1800; x_wconf 87' lang='lat' dir='ltr'>accidissent</span> <span class='ocrx_word' id='word_1_296' title='bbox 1663 1757 1768 1813; x_wconf 88' lang='lat' dir='ltr'>sibi,</span> <span class='ocrx_word' id='word_1_297' title='bbox 1794 1756 2015 1800; x_wconf 88' lang='lat' dir='ltr'>dicentes:</span> 
     </span>
     <span class='ocr_line' id='line_1_28' title="bbox 189 1816 2016 1874; baseline -0.002 -13"><span class='ocrx_word' id='word_1_298' title='bbox 189 1818 226 1845; x_wconf 86' lang='lat'>3⁰</span> <span class='ocrx_word' id='word_1_299' title='bbox 245 1819 437 1861; x_wconf 88' lang='lat' dir='ltr'>Locutus</span> <span class='ocrx_word' id='word_1_300' title='bbox 464 1824 530 1862; x_wconf 91' lang='lat' dir='ltr'>est</span> <span class='ocrx_word' id='word_1_301' title='bbox 555 1818 682 1862; x_wconf 92' lang='lat' dir='ltr'>nobis</span> <span class='ocrx_word' id='word_1_302' title='bbox 705 1818 909 1861; x_wconf 88' lang='lat' dir='ltr'>dominus</span> <span class='ocrx_word' id='word_1_303' title='bbox 933 1822 1062 1861; x_wconf 80' lang='lat' dir='ltr'>terrae</span> <span class='ocrx_word' id='word_1_304' title='bbox 1088 1818 1215 1874; x_wconf 90' lang='lat' dir='ltr'>dure,</span> <span class='ocrx_word' id='word_1_305' title='bbox 1235 1823 1277 1861; x_wconf 89' lang='lat' dir='ltr'>et</span> <span class='ocrx_word' id='word_1_306' title='bbox 1303 1816 1479 1874; x_wconf 86' lang='lat' dir='ltr'>putavit</span> <span class='ocrx_word' id='word_1_307' title='bbox 1503 1830 1583 1859; x_wconf 92' lang='lat' dir='ltr'>nos</span> <span class='ocrx_word' id='word_1_308' title='bbox 1606 1817 1905 1872; x_wconf 83' lang='lat' dir='ltr'>exploratores</span> <span class='ocrx_word' id='word_1_309' title='bbox 1923 1829 2016 1858; x_wconf 89' lang='lat' dir='ltr'>esse</span> 
     </span>
     <span class='ocr_line' id='line_1_29' title="bbox 188 1873 2017 1934; baseline -0.003 -14"><span class='ocrx_word' id='word_1_310' title='bbox 188 1877 442 1934; x_wconf 82' lang='lat' dir='ltr'>provinciae.</span> <span class='ocrx_word' id='word_1_311' title='bbox 469 1878 503 1904; x_wconf 85' lang='lat'>3¹</span> <span class='ocrx_word' id='word_1_312' title='bbox 524 1877 604 1922; x_wconf 83' lang='lat' dir='ltr'>Cui</span> <span class='ocrx_word' id='word_1_313' title='bbox 636 1876 942 1934; x_wconf 87' lang='lat' dir='ltr'>respondimus</span> <span class='ocrx_word' id='word_1_314' title='bbox 968 1895 976 1922; x_wconf 92' lang='lat'>:</span> <span class='ocrx_word' id='word_1_315' title='bbox 1008 1876 1191 1920; x_wconf 87' lang='lat' dir='ltr'>Pacifici</span> <span class='ocrx_word' id='word_1_316' title='bbox 1220 1890 1390 1932; x_wconf 91' lang='lat' dir='ltr'>sumus,</span> <span class='ocrx_word' id='word_1_317' title='bbox 1425 1889 1506 1918; x_wconf 89' lang='lat' dir='ltr'>nec</span> <span class='ocrx_word' id='word_1_318' title='bbox 1531 1875 1646 1918; x_wconf 88' lang='lat' dir='ltr'>ullas</span> <span class='ocrx_word' id='word_1_319' title='bbox 1677 1874 1885 1918; x_wconf 90' lang='lat' dir='ltr'>molimur</span> <span class='ocrx_word' id='word_1_320' title='bbox 1912 1873 2017 1916; x_wconf 89' lang='lat' dir='ltr'>insi-</span> 
     </span>
     <span class='ocr_line' id='line_1_30' title="bbox 189 1935 2015 1993; baseline -0.003 -13"><span class='ocrx_word' id='word_1_321' title='bbox 189 1937 297 1980; x_wconf 86' lang='lat' dir='ltr'>dias.</span> <span class='ocrx_word' id='word_1_322' title='bbox 323 1936 360 1963; x_wconf 85' lang='grc'><strong>39</strong></span> <span class='ocrx_word' id='word_1_323' title='bbox 379 1936 626 1980; x_wconf 90' lang='lat' dir='ltr'>Duodecim</span> <span class='ocrx_word' id='word_1_324' title='bbox 659 1937 822 1979; x_wconf 75' lang='lat' dir='ltr'>fratres</span> <span class='ocrx_word' id='word_1_325' title='bbox 847 1951 934 1979; x_wconf 91' lang='lat' dir='ltr'>uno</span> <span class='ocrx_word' id='word_1_326' title='bbox 962 1942 1088 1993; x_wconf 85' lang='lat' dir='ltr'>patre</span> <span class='ocrx_word' id='word_1_327' title='bbox 1122 1935 1263 1992; x_wconf 89' lang='lat' dir='ltr'>geniti</span> <span class='ocrx_word' id='word_1_328' title='bbox 1293 1949 1470 1989; x_wconf 73' lang='lat' dir='ltr'>sumus,</span> <span class='ocrx_word' id='word_1_329' title='bbox 1506 1948 1618 1977; x_wconf 85' lang='lat' dir='ltr'>unus</span> <span class='ocrx_word' id='word_1_330' title='bbox 1647 1948 1735 1977; x_wconf 90' lang='lat' dir='ltr'>non</span> <span class='ocrx_word' id='word_1_331' title='bbox 1768 1937 1835 1976; x_wconf 87' lang='lat' dir='ltr'>est</span> <span class='ocrx_word' id='word_1_332' title='bbox 1867 1947 2015 1989; x_wconf 81' lang='lat' dir='ltr'>super,</span> 
     </span>
     <span class='ocr_line' id='line_1_31' title="bbox 188 1991 2017 2053; baseline -0.003 -15"><span class='ocrx_word' id='word_1_333' title='bbox 188 1995 397 2039; x_wconf 88' lang='lat' dir='ltr'>minimus</span> <span class='ocrx_word' id='word_1_334' title='bbox 431 2010 531 2038; x_wconf 89' lang='lat' dir='ltr'>cum</span> <span class='ocrx_word' id='word_1_335' title='bbox 563 2001 687 2053; x_wconf 86' lang='lat' dir='ltr'>patre</span> <span class='ocrx_word' id='word_1_336' title='bbox 721 2000 870 2038; x_wconf 89' lang='lat' dir='ltr'>nostro</span> <span class='ocrx_word' id='word_1_337' title='bbox 900 2000 967 2039; x_wconf 90' lang='lat' dir='ltr'>est</span> <span class='ocrx_word' id='word_1_338' title='bbox 1003 1996 1049 2038; x_wconf 91' lang='lat' dir='ltr'>in</span> <span class='ocrx_word' id='word_1_339' title='bbox 1078 2001 1195 2038; x_wconf 89' lang='lat' dir='ltr'>terra</span> <span class='ocrx_word' id='word_1_340' title='bbox 1227 1995 1456 2039; x_wconf 82' lang='lat' dir='ltr'>Chanaan.</span> <span class='ocrx_word' id='word_1_341' title='bbox 1482 1993 1520 2020; x_wconf 84' lang='lat'>33</span> <span class='ocrx_word' id='word_1_342' title='bbox 1537 1993 1620 2044; x_wconf 88' lang='lat' dir='ltr'>Qui</span> <span class='ocrx_word' id='word_1_343' title='bbox 1648 1992 1712 2035; x_wconf 89' lang='lat' dir='ltr'>ait</span> <span class='ocrx_word' id='word_1_344' title='bbox 1748 1992 1874 2035; x_wconf 88' lang='lat' dir='ltr'>nobis</span> <span class='ocrx_word' id='word_1_345' title='bbox 1902 2008 1911 2035; x_wconf 74' lang='grc' dir='ltr'>ε</span> <span class='ocrx_word' id='word_1_346' title='bbox 1949 1991 2017 2035; x_wconf 84' lang='lat' dir='ltr'>Sic</span> 
     </span>
     <span class='ocr_line' id='line_1_32' title="bbox 188 2051 2018 2112; baseline -0.001 -17"><span class='ocrx_word' id='word_1_347' title='bbox 188 2055 384 2112; x_wconf 87' lang='lat' dir='ltr'>probabo</span> <span class='ocrx_word' id='word_1_348' title='bbox 408 2055 524 2111; x_wconf 90' lang='lat' dir='ltr'>quod</span> <span class='ocrx_word' id='word_1_349' title='bbox 546 2054 720 2112; x_wconf 83' lang='lat' dir='ltr'>pacifici</span> <span class='ocrx_word' id='word_1_350' title='bbox 746 2054 841 2097; x_wconf 91' lang='lat' dir='ltr'>sitis</span> <span class='ocrx_word' id='word_1_351' title='bbox 865 2055 1081 2098; x_wconf 79' lang='lat' dir='ltr'>:fra-trem</span> <span class='ocrx_word' id='word_1_352' title='bbox 1106 2059 1303 2098; x_wconf 87' lang='lat' dir='ltr'>vestrum</span> <span class='ocrx_word' id='word_1_353' title='bbox 1324 2067 1462 2096; x_wconf 90' lang='lat' dir='ltr'>unum</span> <span class='ocrx_word' id='word_1_354' title='bbox 1485 2052 1697 2095; x_wconf 89' lang='lat' dir='ltr'>dimittite</span> <span class='ocrx_word' id='word_1_355' title='bbox 1719 2051 1837 2108; x_wconf 86' lang='lat' dir='ltr'>apud</span> <span class='ocrx_word' id='word_1_356' title='bbox 1862 2065 1954 2105; x_wconf 82' lang='lat' dir='ltr'>me,</span> <span class='ocrx_word' id='word_1_357' title='bbox 1974 2055 2018 2093; x_wconf 87' lang='lat' dir='ltr'>et</span> 
     </span>
     <span class='ocr_line' id='line_1_33' title="bbox 189 2111 2015 2169; baseline -0.003 -13"><span class='ocrx_word' id='word_1_358' title='bbox 189 2114 357 2156; x_wconf 90' lang='lat' dir='ltr'>cibaria</span> <span class='ocrx_word' id='word_1_359' title='bbox 382 2113 585 2157; x_wconf 89' lang='lat' dir='ltr'>domibus</span> <span class='ocrx_word' id='word_1_360' title='bbox 603 2113 760 2157; x_wconf 85' lang='lat' dir='ltr'>vestris</span> <span class='ocrx_word' id='word_1_361' title='bbox 786 2114 1035 2157; x_wconf 85' lang='lat' dir='ltr'>necessaria</span> <span class='ocrx_word' id='word_1_362' title='bbox 1052 2113 1233 2169; x_wconf 89' lang='lat' dir='ltr'>sumite,</span> <span class='ocrx_word' id='word_1_363' title='bbox 1253 2117 1297 2156; x_wconf 90' lang='lat' dir='ltr'>et</span> <span class='ocrx_word' id='word_1_364' title='bbox 1314 2111 1457 2167; x_wconf 85' lang='lat' dir='ltr'>abite,</span> <span class='ocrx_word' id='word_1_365' title='bbox 1476 2111 1512 2138; x_wconf 68' lang='lat'>34</span> <span class='ocrx_word' id='word_1_366' title='bbox 1529 2112 1803 2167; x_wconf 73' lang='lat' dir='ltr'>fratremque</span> <span class='ocrx_word' id='word_1_367' title='bbox 1821 2114 2015 2153; x_wconf 85' lang='lat' dir='ltr'>vestrum</span> 
     </span>
     <span class='ocr_line' id='line_1_34' title="bbox 189 2168 2016 2228; baseline -0.002 -14"><span class='ocrx_word' id='word_1_368' title='bbox 189 2173 422 2215; x_wconf 89' lang='lat' dir='ltr'>minimum</span> <span class='ocrx_word' id='word_1_369' title='bbox 445 2173 653 2216; x_wconf 89' lang='lat' dir='ltr'>adducite</span> <span class='ocrx_word' id='word_1_370' title='bbox 675 2173 732 2215; x_wconf 90' lang='lat' dir='ltr'>ad</span> <span class='ocrx_word' id='word_1_371' title='bbox 753 2187 845 2228; x_wconf 85' lang='lat' dir='ltr'>me,</span> <span class='ocrx_word' id='word_1_372' title='bbox 869 2178 917 2216; x_wconf 90' lang='lat' dir='ltr'>ut</span> <span class='ocrx_word' id='word_1_373' title='bbox 941 2173 1080 2216; x_wconf 88' lang='lat' dir='ltr'>sciam</span> <span class='ocrx_word' id='word_1_374' title='bbox 1102 2172 1218 2228; x_wconf 92' lang='lat' dir='ltr'>quod</span> <span class='ocrx_word' id='word_1_375' title='bbox 1242 2186 1331 2215; x_wconf 88' lang='lat' dir='ltr'>non</span> <span class='ocrx_word' id='word_1_376' title='bbox 1353 2171 1450 2214; x_wconf 87' lang='lat' dir='ltr'>sitis</span> <span class='ocrx_word' id='word_1_377' title='bbox 1475 2170 1788 2227; x_wconf 86' lang='lat' dir='ltr'>exploratores,</span> <span class='ocrx_word' id='word_1_378' title='bbox 1807 2174 1852 2212; x_wconf 90' lang='lat' dir='ltr'>et</span> <span class='ocrx_word' id='word_1_379' title='bbox 1869 2168 2016 2223; x_wconf 86' lang='lat' dir='ltr'>istum,</span> 
     </span>
     <span class='ocr_line' id='line_1_35' title="bbox 189 2227 2018 2289; baseline -0.002 -16"><span class='ocrx_word' id='word_1_380' title='bbox 189 2231 261 2288; x_wconf 91' lang='lat' dir='ltr'>qui</span> <span class='ocrx_word' id='word_1_381' title='bbox 286 2237 462 2275; x_wconf 88' lang='lat' dir='ltr'>tenetur</span> <span class='ocrx_word' id='word_1_382' title='bbox 486 2231 531 2274; x_wconf 90' lang='lat' dir='ltr'>in</span> <span class='ocrx_word' id='word_1_383' title='bbox 553 2231 764 2287; x_wconf 88' lang='lat' dir='ltr'>vinculis,</span> <span class='ocrx_word' id='word_1_384' title='bbox 782 2232 977 2288; x_wconf 89' lang='lat' dir='ltr'>recipere</span> <span class='ocrx_word' id='word_1_385' title='bbox 1002 2232 1204 2289; x_wconf 84' lang='lat' dir='ltr'>possitis;</span> <span class='ocrx_word' id='word_1_386' title='bbox 1228 2246 1281 2274; x_wconf 89' lang='lat' dir='ltr'>ac</span> <span class='ocrx_word' id='word_1_387' title='bbox 1306 2230 1516 2286; x_wconf 89' lang='lat' dir='ltr'>deinceps</span> <span class='ocrx_word' id='word_1_388' title='bbox 1538 2244 1636 2285; x_wconf 84' lang='lat' dir='ltr'>quae</span> <span class='ocrx_word' id='word_1_389' title='bbox 1658 2229 1815 2283; x_wconf 77' lang='lat' dir='ltr'>vultis,</span> <span class='ocrx_word' id='word_1_390' title='bbox 1842 2227 2018 2272; x_wconf 88' lang='lat' dir='ltr'>emendi</span> 
     </span>
     <span class='ocr_line' id='line_1_36' title="bbox 188 2286 2017 2347; baseline -0.003 -14"><span class='ocrx_word' id='word_1_391' title='bbox 188 2291 390 2334; x_wconf 87' lang='lat' dir='ltr'>habeatis</span> <span class='ocrx_word' id='word_1_392' title='bbox 417 2291 659 2334; x_wconf 88' lang='lat' dir='ltr'>licentiam.</span> <span class='ocrx_word' id='word_1_393' title='bbox 678 2291 715 2317; x_wconf 76' lang='grc'>33</span> <span class='ocrx_word' id='word_1_394' title='bbox 734 2291 818 2333; x_wconf 91' lang='lat' dir='ltr'>His</span> <span class='ocrx_word' id='word_1_395' title='bbox 845 2291 997 2347; x_wconf 90' lang='lat' dir='ltr'>dictis,</span> <span class='ocrx_word' id='word_1_396' title='bbox 1021 2305 1121 2334; x_wconf 90' lang='lat' dir='ltr'>cum</span> <span class='ocrx_word' id='word_1_397' title='bbox 1142 2291 1370 2333; x_wconf 68' lang='lat' dir='ltr'>frumenta</span> <span class='ocrx_word' id='word_1_398' title='bbox 1393 2289 1693 2344; x_wconf 82' lang='lat' dir='ltr'>effunderent,</span> <span class='ocrx_word' id='word_1_399' title='bbox 1713 2286 1878 2343; x_wconf 86' lang='lat' dir='ltr'>singuli</span> <span class='ocrx_word' id='word_1_400' title='bbox 1895 2301 2017 2342; x_wconf 87' lang='lat' dir='ltr'>repe-</span> 
     </span>
     <span class='ocr_line' id='line_1_37' title="bbox 187 2345 2016 2406; baseline -0.003 -14"><span class='ocrx_word' id='word_1_401' title='bbox 187 2355 338 2392; x_wconf 87' lang='lat' dir='ltr'>rerunt</span> <span class='ocrx_word' id='word_1_402' title='bbox 369 2349 415 2392; x_wconf 90' lang='lat' dir='ltr'>in</span> <span class='ocrx_word' id='word_1_403' title='bbox 449 2364 520 2393; x_wconf 90' lang='lat' dir='ltr'>ore</span> <span class='ocrx_word' id='word_1_404' title='bbox 554 2364 783 2392; x_wconf 89' lang='lat' dir='ltr'>saccorum</span> <span class='ocrx_word' id='word_1_405' title='bbox 819 2350 982 2405; x_wconf 85' lang='lat' dir='ltr'>ligatas</span> <span class='ocrx_word' id='word_1_406' title='bbox 1021 2350 1261 2406; x_wconf 79' lang='lat' dir='ltr'>pecunias3</span> <span class='ocrx_word' id='word_1_407' title='bbox 1290 2347 1599 2403; x_wconf 87' lang='lat' dir='ltr'>exterritisque</span> <span class='ocrx_word' id='word_1_408' title='bbox 1632 2347 1764 2390; x_wconf 87' lang='lat' dir='ltr'>simul</span> <span class='ocrx_word' id='word_1_409' title='bbox 1789 2345 2016 2399; x_wconf 81' lang='lat' dir='ltr'>omnibus,</span> 
     </span>
     <span class='ocr_line' id='line_1_38' title="bbox 188 2406 2019 2465; baseline -0.003 -14"><span class='ocrx_word' id='word_1_410' title='bbox 188 2409 225 2435; x_wconf 77' lang='grc'><strong>36</strong></span> <span class='ocrx_word' id='word_1_411' title='bbox 250 2409 364 2452; x_wconf 85' lang='lat' dir='ltr'>dixit</span> <span class='ocrx_word' id='word_1_412' title='bbox 396 2414 523 2465; x_wconf 87' lang='lat' dir='ltr'>pater</span> <span class='ocrx_word' id='word_1_413' title='bbox 552 2408 694 2452; x_wconf 78' lang='lat' dir='ltr'>Jacob</span> <span class='ocrx_word' id='word_1_414' title='bbox 726 2424 735 2452; x_wconf 74' lang='grc' dir='ltr'>ε</span> <span class='ocrx_word' id='word_1_415' title='bbox 763 2409 943 2464; x_wconf 89' lang='lat' dir='ltr'>Absque</span> <span class='ocrx_word' id='word_1_416' title='bbox 971 2408 1122 2452; x_wconf 90' lang='lat' dir='ltr'>liberis</span> <span class='ocrx_word' id='word_1_417' title='bbox 1154 2423 1225 2451; x_wconf 89' lang='lat' dir='ltr'>me</span> <span class='ocrx_word' id='word_1_418' title='bbox 1259 2422 1354 2451; x_wconf 90' lang='lat' dir='ltr'>esse</span> <span class='ocrx_word' id='word_1_419' title='bbox 1390 2407 1589 2461; x_wconf 75' lang='lat' dir='ltr'>fecistis3</span> <span class='ocrx_word' id='word_1_420' title='bbox 1629 2406 1797 2462; x_wconf 82' lang='lat' dir='ltr'>Joseph</span> <span class='ocrx_word' id='word_1_421' title='bbox 1831 2419 1919 2447; x_wconf 88' lang='lat' dir='ltr'>non</span> <span class='ocrx_word' id='word_1_422' title='bbox 1952 2409 2019 2447; x_wconf 89' lang='lat' dir='ltr'>est</span> 
     </span>
     <span class='ocr_line' id='line_1_39' title="bbox 188 2463 2017 2524; baseline -0.003 -14"><span class='ocrx_word' id='word_1_423' title='bbox 188 2483 338 2524; x_wconf 89' lang='lat' dir='ltr'>super,</span> <span class='ocrx_word' id='word_1_424' title='bbox 371 2469 548 2512; x_wconf 87' lang='lat' dir='ltr'>Simeon</span> <span class='ocrx_word' id='word_1_425' title='bbox 577 2472 753 2511; x_wconf 86' lang='lat' dir='ltr'>tenetur</span> <span class='ocrx_word' id='word_1_426' title='bbox 785 2467 831 2510; x_wconf 89' lang='lat' dir='ltr'>in</span> <span class='ocrx_word' id='word_1_427' title='bbox 862 2467 1073 2524; x_wconf 83' lang='lat' dir='ltr'>vinculis,</span> <span class='ocrx_word' id='word_1_428' title='bbox 1110 2472 1154 2511; x_wconf 88' lang='lat' dir='ltr'>et</span> <span class='ocrx_word' id='word_1_429' title='bbox 1189 2466 1430 2522; x_wconf 80' lang='lat' dir='ltr'>Benjamin</span> <span class='ocrx_word' id='word_1_430' title='bbox 1459 2466 1699 2520; x_wconf 74' lang='lat' dir='ltr'>auferetis3</span> <span class='ocrx_word' id='word_1_431' title='bbox 1734 2465 1780 2507; x_wconf 90' lang='lat' dir='ltr'>in</span> <span class='ocrx_word' id='word_1_432' title='bbox 1816 2478 1887 2506; x_wconf 88' lang='lat' dir='ltr'>me</span> <span class='ocrx_word' id='word_1_433' title='bbox 1920 2463 2017 2505; x_wconf 76' lang='lat' dir='ltr'>haec</span> 
     </span>
     <span class='ocr_line' id='line_1_40' title="bbox 189 2522 2016 2583; baseline -0.004 -13"><span class='ocrx_word' id='word_1_434' title='bbox 189 2527 338 2570; x_wconf 86' lang='lat' dir='ltr'>omnia</span> <span class='ocrx_word' id='word_1_435' title='bbox 369 2527 488 2570; x_wconf 89' lang='lat' dir='ltr'>mala</span> <span class='ocrx_word' id='word_1_436' title='bbox 511 2527 778 2571; x_wconf 87' lang='lat' dir='ltr'>reciderunt.</span> <span class='ocrx_word' id='word_1_437' title='bbox 804 2527 838 2553; x_wconf 86' lang='lat'>3⁷</span> <span class='ocrx_word' id='word_1_438' title='bbox 859 2526 938 2570; x_wconf 85' lang='lat' dir='ltr'>Cui</span> <span class='ocrx_word' id='word_1_439' title='bbox 962 2526 1191 2583; x_wconf 90' lang='lat' dir='ltr'>respondit</span> <span class='ocrx_word' id='word_1_440' title='bbox 1217 2526 1374 2569; x_wconf 87' lang='lat' dir='ltr'>Ruben</span> <span class='ocrx_word' id='word_1_441' title='bbox 1397 2542 1405 2569; x_wconf 91' lang='lat'>:</span> <span class='ocrx_word' id='word_1_442' title='bbox 1435 2527 1555 2568; x_wconf 89' lang='lat' dir='ltr'>Duos</span> <span class='ocrx_word' id='word_1_443' title='bbox 1584 2525 1698 2567; x_wconf 92' lang='lat' dir='ltr'>filios</span> <span class='ocrx_word' id='word_1_444' title='bbox 1730 2537 1850 2566; x_wconf 86' lang='lat' dir='ltr'>meos</span> <span class='ocrx_word' id='word_1_445' title='bbox 1883 2522 2016 2564; x_wconf 87' lang='lat' dir='ltr'>inter—</span> 
     </span>
     <span class='ocr_line' id='line_1_41' title="bbox 189 2584 2018 2641; baseline -0.003 -12"><span class='ocrx_word' id='word_1_446' title='bbox 189 2587 289 2641; x_wconf 88' lang='lat' dir='ltr'>fice,</span> <span class='ocrx_word' id='word_1_447' title='bbox 317 2586 353 2629; x_wconf 91' lang='lat' dir='ltr'>si</span> <span class='ocrx_word' id='word_1_448' title='bbox 383 2601 471 2629; x_wconf 91' lang='lat' dir='ltr'>non</span> <span class='ocrx_word' id='word_1_449' title='bbox 496 2586 710 2629; x_wconf 88' lang='lat' dir='ltr'>reduxero</span> <span class='ocrx_word' id='word_1_450' title='bbox 736 2586 862 2629; x_wconf 89' lang='lat' dir='ltr'>illum</span> <span class='ocrx_word' id='word_1_451' title='bbox 884 2585 968 2628; x_wconf 92' lang='lat' dir='ltr'>tibi</span> <span class='ocrx_word' id='word_1_452' title='bbox 988 2602 997 2637; x_wconf 74' lang='grc' dir='ltr'><strong>ς</strong></span> <span class='ocrx_word' id='word_1_453' title='bbox 1021 2585 1147 2628; x_wconf 86' lang='lat' dir='ltr'>trade</span> <span class='ocrx_word' id='word_1_454' title='bbox 1172 2585 1298 2628; x_wconf 86' lang='lat' dir='ltr'>illum</span> <span class='ocrx_word' id='word_1_455' title='bbox 1332 2584 1378 2626; x_wconf 90' lang='lat' dir='ltr'>in</span> <span class='ocrx_word' id='word_1_456' title='bbox 1411 2598 1545 2626; x_wconf 90' lang='lat' dir='ltr'>manu</span> <span class='ocrx_word' id='word_1_457' title='bbox 1577 2598 1697 2639; x_wconf 88' lang='lat' dir='ltr'>mea,</span> <span class='ocrx_word' id='word_1_458' title='bbox 1725 2588 1769 2625; x_wconf 88' lang='lat' dir='ltr'>et</span> <span class='ocrx_word' id='word_1_459' title='bbox 1802 2596 1884 2638; x_wconf 90' lang='lat' dir='ltr'>ego</span> <span class='ocrx_word' id='word_1_460' title='bbox 1917 2595 2018 2623; x_wconf 87' lang='lat' dir='ltr'>eum</span> 
     </span>
     <span class='ocr_line' id='line_1_42' title="bbox 190 2641 2013 2699; baseline -0.003 -11"><span class='ocrx_word' id='word_1_461' title='bbox 190 2645 271 2688; x_wconf 85' lang='lat' dir='ltr'>tibi</span> <span class='ocrx_word' id='word_1_462' title='bbox 297 2645 542 2689; x_wconf 87' lang='lat' dir='ltr'>restituam.</span> <span class='ocrx_word' id='word_1_463' title='bbox 565 2645 601 2672; x_wconf 77' lang='grc'>33</span> <span class='ocrx_word' id='word_1_464' title='bbox 619 2647 681 2688; x_wconf 88' lang='lat' dir='ltr'>At</span> <span class='ocrx_word' id='word_1_465' title='bbox 710 2645 785 2688; x_wconf 89' lang='lat' dir='ltr'>ille</span> <span class='ocrx_word' id='word_1_466' title='bbox 809 2662 818 2689; x_wconf 91' lang='lat'><strong>:</strong></span> <span class='ocrx_word' id='word_1_467' title='bbox 851 2645 951 2687; x_wconf 89' lang='lat' dir='ltr'>Non</span> <span class='ocrx_word' id='word_1_468' title='bbox 982 2644 1240 2699; x_wconf 89' lang='lat' dir='ltr'>descendet,</span> <span class='ocrx_word' id='word_1_469' title='bbox 1266 2643 1431 2699; x_wconf 91' lang='lat' dir='ltr'>inquit,</span> <span class='ocrx_word' id='word_1_470' title='bbox 1462 2643 1578 2685; x_wconf 89' lang='lat' dir='ltr'>filius</span> <span class='ocrx_word' id='word_1_471' title='bbox 1607 2656 1731 2685; x_wconf 90' lang='lat' dir='ltr'>meus</span> <span class='ocrx_word' id='word_1_472' title='bbox 1755 2641 2013 2692; x_wconf 85' lang='lat' dir='ltr'>vobiscum;</span> 
     </span>
     <span class='ocr_line' id='line_1_43' title="bbox 189 2699 2017 2760; baseline -0.004 -13"><span class='ocrx_word' id='word_1_473' title='bbox 189 2705 330 2747; x_wconf 76' lang='lat' dir='ltr'>frater</span> <span class='ocrx_word' id='word_1_474' title='bbox 352 2704 449 2760; x_wconf 83' lang='lat' dir='ltr'>ejus</span> <span class='ocrx_word' id='word_1_475' title='bbox 475 2710 672 2747; x_wconf 87' lang='lat' dir='ltr'>mortuus</span> <span class='ocrx_word' id='word_1_476' title='bbox 702 2710 789 2759; x_wconf 88' lang='lat' dir='ltr'>est,</span> <span class='ocrx_word' id='word_1_477' title='bbox 813 2709 857 2747; x_wconf 93' lang='lat' dir='ltr'>et</span> <span class='ocrx_word' id='word_1_478' title='bbox 882 2703 975 2759; x_wconf 88' lang='lat' dir='ltr'>ipse</span> <span class='ocrx_word' id='word_1_479' title='bbox 1009 2704 1126 2746; x_wconf 92' lang='lat' dir='ltr'>solus</span> <span class='ocrx_word' id='word_1_480' title='bbox 1149 2702 1391 2757; x_wconf 70' lang='lat' dir='ltr'>remansit,</span> <span class='ocrx_word' id='word_1_481' title='bbox 1420 2702 1456 2744; x_wconf 90' lang='lat' dir='ltr'>si</span> <span class='ocrx_word' id='word_1_482' title='bbox 1486 2701 1591 2757; x_wconf 91' lang='lat' dir='ltr'>quid</span> <span class='ocrx_word' id='word_1_483' title='bbox 1625 2701 1664 2744; x_wconf 89' lang='lat' dir='ltr'>ei</span> <span class='ocrx_word' id='word_1_484' title='bbox 1694 2699 1869 2743; x_wconf 86' lang='lat' dir='ltr'>adversi</span> <span class='ocrx_word' id='word_1_485' title='bbox 1902 2699 2017 2741; x_wconf 90' lang='lat' dir='ltr'>acci-</span> 
     </span>
     <span class='ocr_line' id='line_1_44' title="bbox 190 2757 2017 2819; baseline -0.003 -14"><span class='ocrx_word' id='word_1_486' title='bbox 190 2762 304 2806; x_wconf 90' lang='lat' dir='ltr'>derit</span> <span class='ocrx_word' id='word_1_487' title='bbox 336 2763 381 2806; x_wconf 88' lang='lat' dir='ltr'>in</span> <span class='ocrx_word' id='word_1_488' title='bbox 414 2768 532 2807; x_wconf 86' lang='lat' dir='ltr'>terra</span> <span class='ocrx_word' id='word_1_489' title='bbox 563 2763 619 2806; x_wconf 86' lang='lat' dir='ltr'>ad</span> <span class='ocrx_word' id='word_1_490' title='bbox 653 2777 786 2819; x_wconf 87' lang='lat' dir='ltr'>quam</span> <span class='ocrx_word' id='word_1_491' title='bbox 819 2761 1024 2819; x_wconf 87' lang='lat' dir='ltr'>pergitis,</span> <span class='ocrx_word' id='word_1_492' title='bbox 1060 2761 1289 2806; x_wconf 89' lang='lat' dir='ltr'>deducetis</span> <span class='ocrx_word' id='word_1_493' title='bbox 1323 2775 1456 2804; x_wconf 88' lang='lat' dir='ltr'>canos</span> <span class='ocrx_word' id='word_1_494' title='bbox 1493 2774 1614 2803; x_wconf 88' lang='lat' dir='ltr'>meos</span> <span class='ocrx_word' id='word_1_495' title='bbox 1651 2774 1752 2803; x_wconf 89' lang='lat' dir='ltr'>cum</span> <span class='ocrx_word' id='word_1_496' title='bbox 1781 2759 1928 2802; x_wconf 86' lang='lat' dir='ltr'>dolore</span> <span class='ocrx_word' id='word_1_497' title='bbox 1962 2757 2017 2800; x_wconf 85' lang='lat' dir='ltr'>ad</span> 
     </span>
     <span class='ocr_line' id='line_1_45' title="bbox 191 2821 371 2866; baseline 0.017 -3"><span class='ocrx_word' id='word_1_498' title='bbox 191 2821 371 2866; x_wconf 75' lang='lat' dir='ltr'>inferos.</span> 
     </span>
    </p>
   </div>
   <div class='ocr_carea' id='block_1_3' title="bbox 407 2910 1802 2971">
    <p class='ocr_par' dir='ltr' id='par_1_5' title="bbox 407 2910 1802 2971">
     <span class='ocr_line' id='line_1_46' title="bbox 407 2910 1802 2971; baseline -0.004 -14"><span class='ocrx_word' id='word_1_499' title='bbox 407 2914 431 2971; x_wconf 67' lang='grc' dir='ltr'>ξ</span> <span class='ocrx_word' id='word_1_500' title='bbox 464 2914 527 2957; x_wconf 95' lang='lat' dir='ltr'>II.</span> <span class='ocrx_word' id='word_1_501' title='bbox 555 2939 616 2947; x_wconf 91' lang='lat'>—-</span> <span class='ocrx_word' id='word_1_502' title='bbox 646 2914 738 2957; x_wconf 78' lang='lat' dir='ltr'>Iter</span> <span class='ocrx_word' id='word_1_503' title='bbox 769 2913 1002 2956; x_wconf 78' lang='lat' dir='ltr'>secundum</span> <span class='ocrx_word' id='word_1_504' title='bbox 1021 2913 1228 2968; x_wconf 77' lang='lat' dir='ltr'>fratrum</span> <span class='ocrx_word' id='word_1_505' title='bbox 1258 2911 1425 2968; x_wconf 74' lang='lat' dir='ltr'>Joseph</span> <span class='ocrx_word' id='word_1_506' title='bbox 1459 2912 1505 2954; x_wconf 82' lang='lat' dir='ltr'>in</span> <span class='ocrx_word' id='word_1_507' title='bbox 1536 2910 1802 2967; x_wconf 73' lang='lat' dir='ltr'>AEyyptum.</span> 
     </span>
    </p>
   </div>
   <div class='ocr_carea' id='block_1_4' title="bbox 193 3032 2018 3507">
    <p class='ocr_par' dir='ltr' id='par_1_6' title="bbox 193 3032 2018 3507">
     <span class='ocr_line' id='line_1_47' title="bbox 252 3032 2018 3089; baseline -0.005 -6"><span class='ocrx_word' id='word_1_508' title='bbox 252 3039 358 3083; x_wconf 87' lang='lat' dir='ltr'><strong>CAP.</strong></span> <span class='ocrx_word' id='word_1_509' title='bbox 381 3039 557 3084; x_wconf 87' lang='lat' dir='ltr'>XLIII.</span> <span class='ocrx_word' id='word_1_510' title='bbox 575 3065 635 3072; x_wconf 89' lang='lat'>-</span> <span class='ocrx_word' id='word_1_511' title='bbox 659 3038 672 3064; x_wconf 83' lang='lat'><strong>¹</strong></span> <span class='ocrx_word' id='word_1_512' title='bbox 694 3037 880 3081; x_wconf 88' lang='lat' dir='ltr'>Interim</span> <span class='ocrx_word' id='word_1_513' title='bbox 901 3038 1047 3081; x_wconf 78' lang='lat' dir='ltr'>fames</span> <span class='ocrx_word' id='word_1_514' title='bbox 1073 3052 1250 3081; x_wconf 89' lang='lat' dir='ltr'>omnem</span> <span class='ocrx_word' id='word_1_515' title='bbox 1270 3041 1434 3080; x_wconf 88' lang='lat' dir='ltr'>terram</span> <span class='ocrx_word' id='word_1_516' title='bbox 1454 3036 1742 3079; x_wconf 87' lang='lat' dir='ltr'>vehementer</span> <span class='ocrx_word' id='word_1_517' title='bbox 1763 3032 2018 3089; x_wconf 82' lang='lat' dir='ltr'>premebat;</span> 
     </span>
     <span class='ocr_line' id='line_1_48' title="bbox 195 3091 2018 3154; baseline -0.004 -14"><span class='ocrx_word' id='word_1_518' title='bbox 195 3096 584 3154; x_wconf 71' lang='lat' dir='ltr'>20011sumptisque</span> <span class='ocrx_word' id='word_1_519' title='bbox 611 3097 721 3140; x_wconf 90' lang='lat' dir='ltr'>cibis</span> <span class='ocrx_word' id='word_1_520' title='bbox 754 3111 861 3152; x_wconf 90' lang='lat' dir='ltr'>quos</span> <span class='ocrx_word' id='word_1_521' title='bbox 886 3111 942 3140; x_wconf 87' lang='lat' dir='ltr'>ex</span> <span class='ocrx_word' id='word_1_522' title='bbox 965 3098 1166 3153; x_wconf 86' lang='lat' dir='ltr'>AEgypto</span> <span class='ocrx_word' id='word_1_523' title='bbox 1200 3095 1472 3149; x_wconf 87' lang='lat' dir='ltr'>detulerant,</span> <span class='ocrx_word' id='word_1_524' title='bbox 1499 3093 1613 3137; x_wconf 88' lang='lat' dir='ltr'>dixit</span> <span class='ocrx_word' id='word_1_525' title='bbox 1644 3092 1786 3136; x_wconf 78' lang='lat' dir='ltr'>Jacob</span> <span class='ocrx_word' id='word_1_526' title='bbox 1819 3091 1875 3134; x_wconf 91' lang='lat' dir='ltr'>ad</span> <span class='ocrx_word' id='word_1_527' title='bbox 1905 3091 2018 3134; x_wconf 91' lang='lat' dir='ltr'>filios</span> 
     </span>
     <span class='ocr_line' id='line_1_49' title="bbox 193 3150 2015 3213; baseline -0.004 -14"><span class='ocrx_word' id='word_1_528' title='bbox 193 3170 291 3199; x_wconf 85' lang='lat' dir='ltr'>suos</span> <span class='ocrx_word' id='word_1_529' title='bbox 315 3172 323 3199; x_wconf 91' lang='lat'>:</span> <span class='ocrx_word' id='word_1_530' title='bbox 352 3157 665 3213; x_wconf 85' lang='lat' dir='ltr'>Revertimini,</span> <span class='ocrx_word' id='word_1_531' title='bbox 684 3161 729 3200; x_wconf 89' lang='lat' dir='ltr'>et</span> <span class='ocrx_word' id='word_1_532' title='bbox 747 3155 879 3199; x_wconf 88' lang='lat' dir='ltr'>emite</span> <span class='ocrx_word' id='word_1_533' title='bbox 902 3156 1029 3199; x_wconf 90' lang='lat' dir='ltr'>nobis</span> <span class='ocrx_word' id='word_1_534' title='bbox 1047 3155 1296 3212; x_wconf 87' lang='lat' dir='ltr'>pauxillum</span> <span class='ocrx_word' id='word_1_535' title='bbox 1319 3168 1532 3199; x_wconf 85' lang='lat' dir='ltr'>escarum.</span> <span class='ocrx_word' id='word_1_536' title='bbox 1551 3153 1569 3180; x_wconf 89' lang='grc'><strong>3</strong></span> <span class='ocrx_word' id='word_1_537' title='bbox 1587 3150 1833 3209; x_wconf 87' lang='lat' dir='ltr'>Respondit</span> <span class='ocrx_word' id='word_1_538' title='bbox 1851 3151 1880 3193; x_wconf 85' lang='lat' dir='ltr'><strong>J</strong></span> <span class='ocrx_word' id='word_1_539' title='bbox 1884 3150 2015 3193; x_wconf 87' lang='lat' dir='ltr'>udas:</span> 
     </span>
     <span class='ocr_line' id='line_1_50' title="bbox 194 3210 2018 3270; baseline -0.004 -12"><span class='ocrx_word' id='word_1_540' title='bbox 194 3215 488 3258; x_wconf 86' lang='lat' dir='ltr'>Denuntiavit</span> <span class='ocrx_word' id='word_1_541' title='bbox 522 3215 651 3259; x_wconf 91' lang='lat' dir='ltr'>nobis</span> <span class='ocrx_word' id='word_1_542' title='bbox 686 3216 754 3258; x_wconf 90' lang='lat' dir='ltr'>vir</span> <span class='ocrx_word' id='word_1_543' title='bbox 789 3215 866 3258; x_wconf 88' lang='lat' dir='ltr'>ille</span> <span class='ocrx_word' id='word_1_544' title='bbox 902 3214 982 3257; x_wconf 90' lang='lat' dir='ltr'>sub</span> <span class='ocrx_word' id='word_1_545' title='bbox 1019 3214 1305 3257; x_wconf 86' lang='lat' dir='ltr'>attestatione</span> <span class='ocrx_word' id='word_1_546' title='bbox 1337 3211 1656 3270; x_wconf 84' lang='lat' dir='ltr'>jurisjurandi,</span> <span class='ocrx_word' id='word_1_547' title='bbox 1694 3211 1845 3254; x_wconf 88' lang='lat' dir='ltr'>dicens</span> <span class='ocrx_word' id='word_1_548' title='bbox 1876 3227 1884 3254; x_wconf 73' lang='grc' dir='ltr'>ε</span> <span class='ocrx_word' id='word_1_549' title='bbox 1919 3210 2018 3252; x_wconf 90' lang='lat' dir='ltr'>Non</span> 
     </span>
     <span class='ocr_line' id='line_1_51' title="bbox 195 3267 2017 3330; baseline -0.003 -15"><span class='ocrx_word' id='word_1_550' title='bbox 195 3274 402 3317; x_wconf 84' lang='lat' dir='ltr'>videbitis</span> <span class='ocrx_word' id='word_1_551' title='bbox 441 3275 607 3318; x_wconf 76' lang='lat' dir='ltr'>faciem</span> <span class='ocrx_word' id='word_1_552' title='bbox 652 3289 826 3330; x_wconf 88' lang='lat' dir='ltr'>meam,</span> <span class='ocrx_word' id='word_1_553' title='bbox 866 3273 951 3316; x_wconf 88' lang='lat' dir='ltr'>nisi</span> <span class='ocrx_word' id='word_1_554' title='bbox 996 3274 1184 3316; x_wconf 80' lang='lat' dir='ltr'>fratrem</span> <span class='ocrx_word' id='word_1_555' title='bbox 1227 3277 1424 3316; x_wconf 82' lang='lat' dir='ltr'>vestrum</span> <span class='ocrx_word' id='word_1_556' title='bbox 1464 3271 1699 3314; x_wconf 89' lang='lat' dir='ltr'>minimum</span> <span class='ocrx_word' id='word_1_557' title='bbox 1742 3267 2017 3312; x_wconf 86' lang='lat' dir='ltr'>adduxeritis</span> 
     </span>
     <span class='ocr_line' id='line_1_52' title="bbox 195 3327 2017 3390; baseline -0.004 -16"><span class='ocrx_word' id='word_1_558' title='bbox 195 3333 436 3377; x_wconf 88' lang='lat' dir='ltr'>vobiscum.</span> <span class='ocrx_word' id='word_1_559' title='bbox 470 3333 487 3360; x_wconf 77' lang='lat'><strong>4</strong></span> <span class='ocrx_word' id='word_1_560' title='bbox 514 3333 557 3377; x_wconf 85' lang='lat' dir='ltr'>Si</span> <span class='ocrx_word' id='word_1_561' title='bbox 599 3348 702 3390; x_wconf 89' lang='lat' dir='ltr'>ergo</span> <span class='ocrx_word' id='word_1_562' title='bbox 739 3333 807 3376; x_wconf 89' lang='lat' dir='ltr'>vis</span> <span class='ocrx_word' id='word_1_563' title='bbox 840 3347 941 3375; x_wconf 88' lang='lat' dir='ltr'>eum</span> <span class='ocrx_word' id='word_1_564' title='bbox 981 3333 1156 3376; x_wconf 87' lang='lat' dir='ltr'>mittere</span> <span class='ocrx_word' id='word_1_565' title='bbox 1194 3332 1448 3387; x_wconf 88' lang='lat' dir='ltr'>nobiscum,</span> <span class='ocrx_word' id='word_1_566' title='bbox 1485 3343 1719 3387; x_wconf 89' lang='lat' dir='ltr'>pergemus</span> <span class='ocrx_word' id='word_1_567' title='bbox 1755 3327 1938 3384; x_wconf 85' lang='lat' dir='ltr'>pariter,</span> <span class='ocrx_word' id='word_1_568' title='bbox 1974 3331 2017 3368; x_wconf 89' lang='lat' dir='ltr'>et</span> 
     </span>
     <span class='ocr_line' id='line_1_53' title="bbox 194 3385 2017 3447; baseline -0.004 -13"><span class='ocrx_word' id='word_1_569' title='bbox 194 3405 391 3434; x_wconf 85' lang='lat' dir='ltr'>ememus</span> <span class='ocrx_word' id='word_1_570' title='bbox 422 3392 504 3435; x_wconf 84' lang='lat' dir='ltr'>tibi</span> <span class='ocrx_word' id='word_1_571' title='bbox 534 3392 807 3447; x_wconf 83' lang='lat' dir='ltr'>necessaria3</span> <span class='ocrx_word' id='word_1_572' title='bbox 832 3392 849 3418; x_wconf 81' lang='lat'><strong>5</strong></span> <span class='ocrx_word' id='word_1_573' title='bbox 867 3391 935 3434; x_wconf 90' lang='lat' dir='ltr'>sin</span> <span class='ocrx_word' id='word_1_574' title='bbox 967 3398 1116 3435; x_wconf 87' lang='lat' dir='ltr'>autem</span> <span class='ocrx_word' id='word_1_575' title='bbox 1143 3406 1230 3434; x_wconf 92' lang='lat' dir='ltr'>non</span> <span class='ocrx_word' id='word_1_576' title='bbox 1257 3391 1345 3445; x_wconf 86' lang='lat' dir='ltr'>vis,</span> <span class='ocrx_word' id='word_1_577' title='bbox 1376 3405 1462 3433; x_wconf 90' lang='lat' dir='ltr'>non</span> <span class='ocrx_word' id='word_1_578' title='bbox 1492 3389 1680 3442; x_wconf 79' lang='lat' dir='ltr'>ibimus3</span> <span class='ocrx_word' id='word_1_579' title='bbox 1712 3387 1779 3428; x_wconf 78' lang='lat' dir='ltr'>vir</span> <span class='ocrx_word' id='word_1_580' title='bbox 1803 3385 1942 3440; x_wconf 88' lang='lat' dir='ltr'>enim,</span> <span class='ocrx_word' id='word_1_581' title='bbox 1969 3389 2017 3427; x_wconf 87' lang='lat' dir='ltr'>ut</span> 
     </span>
     <span class='ocr_line' id='line_1_54' title="bbox 195 3445 2014 3507; baseline -0.004 -15"><span class='ocrx_word' id='word_1_582' title='bbox 195 3463 312 3506; x_wconf 86' lang='lat' dir='ltr'>saepe</span> <span class='ocrx_word' id='word_1_583' title='bbox 346 3450 557 3507; x_wconf 84' lang='lat' dir='ltr'>diximus,</span> <span class='ocrx_word' id='word_1_584' title='bbox 593 3450 875 3494; x_wconf 86' lang='lat' dir='ltr'>denuntiavit</span> <span class='ocrx_word' id='word_1_585' title='bbox 906 3450 1053 3506; x_wconf 90' lang='lat' dir='ltr'>nobis,</span> <span class='ocrx_word' id='word_1_586' title='bbox 1082 3450 1264 3493; x_wconf 88' lang='lat' dir='ltr'>dicens:</span> <span class='ocrx_word' id='word_1_587' title='bbox 1299 3450 1398 3491; x_wconf 90' lang='lat' dir='ltr'>Non</span> <span class='ocrx_word' id='word_1_588' title='bbox 1427 3447 1637 3490; x_wconf 73' lang='lat' dir='ltr'>videbitis</span> <span class='ocrx_word' id='word_1_589' title='bbox 1670 3445 1836 3487; x_wconf 76' lang='lat' dir='ltr'>faciem</span> <span class='ocrx_word' id='word_1_590' title='bbox 1871 3457 2014 3486; x_wconf 88' lang='lat' dir='ltr'>meam</span> 
     </span>
    </p>
   </div>
   <div class='ocr_carea' id='block_1_5' title="bbox 196 3611 1382 3648">
    <p class='ocr_par' dir='ltr' id='par_1_7' title="bbox 196 3611 1382 3648">
     <span class='ocr_line' id='line_1_55' title="bbox 196 3611 1382 3648; baseline -0.003 -7"><span class='ocrx_word' id='word_1_591' title='bbox 196 3612 246 3645; x_wconf 79' lang='lat'>20]</span> <span class='ocrx_word' id='word_1_592' title='bbox 264 3612 329 3639; x_wconf 73' lang='lat' dir='ltr'>Inf.</span> <span class='ocrx_word' id='word_1_593' title='bbox 346 3613 405 3640; x_wconf 91' lang='lat' dir='ltr'>XL</span> <span class='ocrx_word' id='word_1_594' title='bbox 418 3613 480 3648; x_wconf 77' lang='grc' dir='ltr'><strong>ἶ[[,</strong></span> <span class='ocrx_word' id='word_1_595' title='bbox 500 3611 632 3646; x_wconf 75' lang='lat'><strong>5.—-&#39;22]</strong></span> <span class='ocrx_word' id='word_1_596' title='bbox 653 3614 728 3645; x_wconf 52' lang='lat' dir='ltr'>Sul:</span> <span class='ocrx_word' id='word_1_597' title='bbox 744 3613 927 3646; x_wconf 77' lang='lat' dir='ltr'>XXXVII,</span> <span class='ocrx_word' id='word_1_598' title='bbox 945 3615 988 3640; x_wconf 74' lang='lat'>22.</span> <span class='ocrx_word' id='word_1_599' title='bbox 1006 3627 1041 3630; x_wconf 97' lang='lat'><strong>—</strong></span> <span class='ocrx_word' id='word_1_600' title='bbox 1061 3613 1090 3645; x_wconf 80' lang='lat'>5]</span> <span class='ocrx_word' id='word_1_601' title='bbox 1110 3612 1186 3643; x_wconf 74' lang='lat' dir='ltr'>Sup.</span> <span class='ocrx_word' id='word_1_602' title='bbox 1206 3611 1303 3638; x_wconf 90' lang='lat' dir='ltr'>XLII</span> <span class='ocrx_word' id='word_1_603' title='bbox 1316 3631 1323 3645; x_wconf 90' lang='lat'>‚</span> <span class='ocrx_word' id='word_1_604' title='bbox 1338 3612 1382 3638; x_wconf 82' lang='lat'>20.</span> 
     </span>
    </p>
   </div>
   <div class='ocr_carea' id='block_1_6' title="bbox 2097 593 2296 715">
    <p class='ocr_par' dir='ltr' id='par_1_8' title="bbox 2097 593 2296 715">
     <span class='ocr_line' id='line_1_56' title="bbox 2122 593 2274 622; baseline 0 -2"><span class='ocrx_word' id='word_1_605' title='bbox 2122 593 2274 622; x_wconf 69' lang='lat' dir='ltr'>Simeon(-</span> 
     </span>
     <span class='ocr_line' id='line_1_57' title="bbox 2097 636 2296 665; baseline -0.005 0"><span class='ocrx_word' id='word_1_606' title='bbox 2097 637 2128 665; x_wconf 94' lang='lat' dir='ltr'>in</span> <span class='ocrx_word' id='word_1_607' title='bbox 2152 636 2296 665; x_wconf 73' lang='lat' dir='ltr'>vim-uns</span> 
     </span>
     <span class='ocr_line' id='line_1_58' title="bbox 2132 681 2269 715; baseline -0.007 -6"><span class='ocrx_word' id='word_1_608' title='bbox 2132 681 2249 709; x_wconf 77' lang='lat' dir='ltr'>relicto</span> <span class='ocrx_word' id='word_1_609' title='bbox 2262 702 2269 715; x_wconf 87' lang='lat'>,</span> 
     </span>
    </p>
   </div>
   <div class='ocr_carea' id='block_1_7' title="bbox 2081 1472 2317 1594">
    <p class='ocr_par' dir='ltr' id='par_1_9' title="bbox 2081 1472 2317 1594">
     <span class='ocr_line' id='line_1_59' title="bbox 2147 1472 2250 1501; baseline 0 0"><span class='ocrx_word' id='word_1_610' title='bbox 2147 1472 2250 1501; x_wconf 80' lang='lat' dir='ltr'>ceteri</span> 
     </span>
     <span class='ocr_line' id='line_1_60' title="bbox 2081 1517 2317 1546; baseline -0.008 0"><span class='ocrx_word' id='word_1_611' title='bbox 2081 1517 2223 1546; x_wconf 75' lang='lat' dir='ltr'>redeunt</span> <span class='ocrx_word' id='word_1_612' title='bbox 2278 1517 2317 1544; x_wconf 85' lang='lat' dir='ltr'>ad</span> 
     </span>
     <span class='ocr_line' id='line_1_61' title="bbox 2133 1564 2270 1594; baseline -0.015 -5"><span class='ocrx_word' id='word_1_613' title='bbox 2133 1564 2270 1594; x_wconf 76' lang='lat' dir='ltr'>patrem.</span> 
     </span>
    </p>
   </div>
   <div class='ocr_carea' id='block_1_8' title="bbox 2083 3046 2322 3206">
    <p class='ocr_par' dir='ltr' id='par_1_10' title="bbox 2083 3046 2322 3206">
     <span class='ocr_line' id='line_1_62' title="bbox 2102 3046 2305 3074; baseline 0.01 -2"><span class='ocrx_word' id='word_1_614' title='bbox 2102 3046 2229 3073; x_wconf 75' lang='lat' dir='ltr'>Jacobo</span> <span class='ocrx_word' id='word_1_615' title='bbox 2258 3053 2305 3074; x_wconf 82' lang='lat' dir='ltr'>re-</span> 
     </span>
     <span class='ocr_line' id='line_1_63' title="bbox 2084 3089 2322 3122; baseline 0.008 -6"><span class='ocrx_word' id='word_1_616' title='bbox 2084 3089 2254 3122; x_wconf 78' lang='lat' dir='ltr'>luctante,</span> <span class='ocrx_word' id='word_1_617' title='bbox 2275 3097 2322 3118; x_wconf 83' lang='lat' dir='ltr'>sc-</span> 
     </span>
     <span class='ocr_line' id='line_1_64' title="bbox 2083 3134 2321 3161; baseline 0.004 -1"><span class='ocrx_word' id='word_1_618' title='bbox 2083 3141 2159 3161; x_wconf 84' lang='lat' dir='ltr'>cum</span> <span class='ocrx_word' id='word_1_619' title='bbox 2195 3134 2321 3161; x_wconf 79' lang='lat' dir='ltr'>ducunt</span> 
     </span>
     <span class='ocr_line' id='line_1_65' title="bbox 2105 3177 2289 3206; baseline -0.005 0"><span class='ocrx_word' id='word_1_620' title='bbox 2105 3177 2289 3206; x_wconf 77' lang='lat' dir='ltr'>Beniamin.</span> 
     </span>
    </p>
   </div>
  </div>
 </body>
</html>
