2456 3861
215 708 358 737 Titulus.

186 773 272 801 Esau
291 772 391 801 initia

188 818 218 846 111
233 818 387 845 Chanaan

196 865 229 890 et
248 861 281 889 in
296 861 377 889 Scir.

165 1423 278 1456 Ipsius
296 1423 357 1451 mii
372 1426 406 1452 et

179 1472 320 1500 nepotes
339 1469 391 1496 de-

183 1512 389 1541 scribuntur.

200 1898 308 1926 Duces
323 1905 365 1925 ex

193 1942 280 1970 Esau
299 1941 375 1970 orti.

199 2370 273 2399 Filii
298 2370 369 2399 Scir

215 2415 353 2443 Horraei.

229 3084 338 3115 Reges

210 3125 357 3154 Idumaei.

477 126 531 168 36
1123 126 1238 169 GEN.
1275 126 1498 181 XXXVI,
1535 125 1668 168 1-38.

1194 412 1449 466 LIBER
1496 412 1586 465 IX-

1010 548 1543 590 GENERATIONES
1594 548 1765 589 ESA'U

532 700 637 743 CAP.
665 699 881 743 XXXVI.
902 723 962 732 —·-
986 698 999 724 1
1028 699 1115 742 Hae
1137 703 1239 742 sunt
1262 703 1412 742 autem
1434 697 1745 754 generationes
1767 699 1907 754 Esau,
1934 697 2028 754 ipse
2053 703 2121 741 est
2147 698 2309 745 Edomi

531 757 548 783 ‘2
563 759 681 801 Esau
703 758 877 813 aceepit
899 771 1056 802 uxores
1082 757 1137 800 de
1157 757 1334 800 filiabus
1357 757 1598 801 Chanaan:
1623 757 1726 800 Ada
1747 756 1897 801 filiam
1912 757 2028 801 Elon
2048 757 2236 812 hethaei,
2262 762 2315 800 et:

473 816 706 860 Oolibama
742 817 880 860 filiam
922 818 1035 861 Anae
1078 816 1184 860 filiae
1222 816 1394 861 Sebeon
1432 816 1610 871 hevaei3
1643 816 1661 843 3
1684 817 1926 860 Basemath
1962 830 2135 872 quoque
2168 817 2309 861 filiam

472 876 639 920 16111661·
674 890 868 919 sororem
913 876 1152 921 Nabaioth.
1191 875 1208 902 4
1238 876 1415 932 Peperit
1450 881 1604 919 autem
1645 876 1747 919 Ada
1800 875 1986 932 Eliphaz
2012 893 2021 930 ;
2065 876 2307 921 Basemath

472 936 631 992 genuit
653 936 848 991 Rahuel;
869 936 886 962 5
906 935 1139 979 0011061116
1164 934 1319 991 genuit
1341 936 1369 978 J
1373 935 1494 990 611116,
1518 940 1563 978 et.
1581 935 1750 991 11161011,
1775 940 1820 978 et
1845 936 1968 979 Core.
1998 935 2060 980 Hi
2081 935 2162 980 filii
2189 937 2306 979 Esau

472 994 546 1050 qui
568 995 663 1037 nati
686 1000 789 1037 sunt
811 995 850 1038 ei
872 995 917 1037 in
940 1000 1057 1038 terra
1082 995 1313 1038 Chanaan.
1337 994 1354 1020 6
1371 994 1495 1037 Tulit
1519 999 1670 1037 autem
1693 995 1811 1037 Esau
1837 1009 1996 1038 uxores
2011 1009 2113 1038 suas
2131 995 2311 1039 etsfilios·

472 1060 517 1096 et
541 1054 676 1109 filias,
704 1060 747 1097 et
780 1069 958 1097 omnem
989 1053 1187 1097 animam
1218 1053 1373 1097 domus
1402 1067 1514 1108 suae,
1546 1058 1589 1096 et
1621 1053 2016 1109 substantiam,.et
2047 1068 2229 1111 peoora,
2261 1060 2307 1098 et

472 1119 634 1156 cuneta
659 1128 758 1169 quae
783 1113 945 1156 habere
973 1118 1147 1169 poterat
1177 1113 1222 1155 in
1244 1118 1361 1156 terra
1387 1113 1601 1157 Chanaan
1622 1130 1631 1168 3
1662 1117 1706 1155 et
1734 1112 1846 1155 abiit
1875 1112 1920 1155 in
1954 1113 2142 1156 alteram
2162 1114 2314 1170 regio-

472 1187 595 1228 nem,
619 1173 887 1228 recessitque
912 1187 939 1215 a
962 1173 1101 1214 fratre
1128 1186 1204 1215 6110
1230 1172 1389 1215 Jacob.
1411 1171 1426 1198 7
1447 1171 1621 1215 Divites
1643 1171 1763 1214 enim
1785 1177 1912 1214 erant.
1929 1172 2081 1228 valde,
2105 1178 2150 1216 et
2174 1173 2307 1217 simu}

471 1231 674 1275 habitare
706 1245 792 1274 non
825 1237 1063 1287 poterant3
1098 1245 1180 1274 neo
1215 1231 1465 1274 sustinebat
1498 1245 1571 1274 eos
1604 1236 1720 1274 terra
1752 1231 2123 1287 peregrinationis
2156 1246 2302 1276 eorum

471 1306 564 1347 prae
595 1290 883 1334 multitudine
916 1305 1116 1346 gregum.
1149 1290 1166 1316 8
1197 1289 1522 1346 Habitavitque
1554 1291 1671 1334 Esau
1700 1290 1749 1335 in
1780 1295 1929 1334 monte
1964 1290 2077 1346 Seir,
2113 1291 2206 1348 ipse
2239 1297 2316 1336 est-

473 1350 629 1393 Edoni.

530 1410 547 1436 9
566 1411 651 1453 Hae
674 1414 824 1452 autern
849 1414 952 1452 sunt
981 1409 1292 1465 generationes
1322 1410 1441 1452 Esau
1465 1409 1616 1466 patris
1638 1409 1782 1453 Edem
1810 1412 1856 1452 in
1882 1414 2032 1453 monte
2063 1409 2176 1466 Seir,
2204 1410 2241 1437 ¹⁰
2261 1416 2317 1455 et

470 1469 567 1512 haee
590 1469 770 1513 nomina
791 1469 982 1513 filiorum
1004 1468 1101 1524 ejus
1121 1485 1129 1512 :
1152 1469 1338 1525 Eliphaz
1357 1469 1593 1512 filiustda
1610 1468 1759 1511 uxoris
1777 1469 1919 1522 Esau3
1942 1469 2315 1526 Rahueelquoque

470 1529 586 1572 filius
610 1528 851 1572 Basemath
873 1527 1021 1571 uxoris
1036 1528 1158 1584 ejus.
1184 1527 1215 1554 11
1240 1529 1525 1583 Fueruntque
1554 1527 1745 1583 Eliphaz
1769 1527 1879 1571 filii:
1904 1527 2128 1583 Theman,
2155 1530 2315 1586 Omar,.

472 1589 636 1644 Sepho,
661 1593 706 1630 et
731 1588 946 1643 Gatham,
973 1592 1017 1630 et
1041 1588 1196 1631 Cenez.
1222 1586 1258 1613 12
1280 1588 1388 1631 Erat
1413 1593 1563 1630 autem
1585 1587 1810 1643 Thamna,
1837 1587 2086 1630 ooncnbina
2116 1588 2315 1645 Eliphaz„

471 1647 551 1690 filii
574 1648 717 1701 Esau;
743 1661 840 1702 quae
866 1646 1037 1703 peperit
1066 1646 1106 1689 ei
1133 1645 1364 1689 Amalech.
1379 1645 1443 1689 Hi
1460 1650 1564 1688 sunt
1579 1645 1661 1688 filii
1681 1645 1787 1690 Ada.
1805 1646 1955 1689 uxoris
1985 1647 2116 1691 Esau.
2145 1648 2182 1674 13
2199 1648 2304 1691 Filii

470 1711 622 1750 autem
645 1706 816 1750 Rahuel
839 1724 847 1751 :
871 1706 912 1748 N
916 1706 1053 1749 abath
1075 1711 1120 1748 et
1141 1707 1270 1761 Zara,
1295 1706 1475 1749 Samma
1493 1710 1536 1748 et
1555 1706 1695 1749 Meza.
1715 1705 1777 1748 Hi
1795 1705 1876 1748 filii
1896 1706 2138 1749 Base-math
2156 1707 2309 1751 uxoris

472 1767 604 1809 Esau.
631 1766 663 1792 11
682 1765 765 1809 Isti
794 1779 964 1821 quoque
998 1769 1124 1807 erant
1153 1765 1233 1809 filii
1266 1764 1500 1808 Oolibama
1531 1764 1636 1807 filiae
1661 1766 1779 1807 Anae
1798 1764 1908 1808 filiae
1929 1764 2122 1822 Sebeon,
2155 1766 2316 1811 uxoris·

471 1826 611 1881 Esau,
634 1840 741 1881 quos
766 1825 921 1881 genuit
944 1824 983 1868 ei
1005 1841 1014 1868 :
1043 1825 1071 1867 J
1076 1824 1202 1879 611116,
1226 1833 1271 1867 et
1296 1824 1474 1879 11161011,
1502 1828 1547 1867 et
1571 1825 1692 1868 Core.

529 1885 564 1911 ¹5
584 1885 645 1928 Hi
665 1885 797 1928 duces
814 1884 1005 1927 filiorum
1023 1885 1165 1926 Esau:
1188 1883 1294 1926 Filii
1312 1883 1500 1939 Eliphaz
1519 1883 1806 1939 primogeniti
1824 1885 1967 1927 Esau:
1984 1884 2314 1942 dux-Theman,

470 1945 560 1987 dux
587 1945 734 1999 Omar,
757 1944 849 1987 dux
869 1944 1034 1999 Sepho,
1060 1943 1150 1986 dux
1175 1943 1340 1998 Cenez„
1367 1942 1402 1970 1⁶
1425 1943 1516 1985 dux
1534 1944 1662 1997 Core,
1688 1943 1778 1986 dux
1801 1943 2018 1999 Gatham,
2052 1944 2142 1988 dux
2166 1946 2314 1988 Ama--

468 2003 582 2047 16611.
606 2001 669 2044 Hi
694 2001 774 2044 filii
795 2003 979 2059 Eliphaz
1015 2002 1060 2044 in
1093 2007 1210 2045 terra
1246 2003 1409 2058 Edom,
1450 2007 1495 2045 et
1530 2002 1577 2044 hi
1610 2001 1690 2044 filii
1723 2002 1838 2046 Ada.
1866 2002 1899 2028 17
1924 2002 1988 2046 Hi
2019 2017 2192 2059 (11100116
2223 2004 2304 2047 filii

470 2063 653 2106 Rahuel
671 2063 752 2106 filii
783 2063 933 2106 Esau:
957 2062 1047 2106 dux
1077 2062 1283 2117 Nahath,
1311 2062 1405 2105 dux
1432 2063 1561 2116 Zara,
1589 2061 1680 2104 dux
1712 2062 1911 2117 Samma,
1943 2062 2039 2105 dux
2066 2063 2205 2106 Meza.
2241 2063 2313 2105 Hie

468 2128 618 2166 autem
654 2122 787 2166 duces
830 2122 1002 2166 Rahuel
1037 2121 1083 2164 in
1116 2126 1233 2164 terra
1267 2121 1443 2176 Edom;
1482 2120 1556 2163 isti
1592 2120 1674 2163 filii
1708 2121 1950 2165 Basemath
1987 2122 2135 2165 uxoris
2169 2123 2311 2166 Esau..

469 2182 504 2209 1⁸
528 2181 590 2224 Hi
623 2187 772 2225 autem
805 2181 886 2224 filii
917 2181 1163 2225 Oolibama.
1185 2180 1332 2223 uxoris
1367 2181 1518 2223 Esau:
1554 2180 1644 2222 dux
1673 2180 1849 2235 Jehus,
1872 2181 1962 2224 dux
1995 2180 2178 2237 Ihelon,
2213 2181 2314 2224 dux.

469 2243 491 2285 C
493 2244 590 2285 1016.
616 2241 678 2284 Hi
705 2241 838 2284 duces
861 2241 1095 2284 Oolibama
1116 2240 1221 2283 filiae
1247 2241 1362 2283 Anae
1385 2239 1532 2283 uxoris
1555 2240 1686 2282 Esau.
1708 2238 1743 2264 19
1761 2239 1968 2282 Istisunt
1989 2239 2070 2284 filii
2095 2241 2236 2296 Esau,
2258 2246 2312 2284 et.

468 2301 512 2342 111
533 2301 666 2343 (111666
689 2315 861 2354 60111111;
888 2301 981 2356 ipse
1007 2305 1074 2344 est
1097 2300 1252 2344 Edom.

527 2359 564 2386 20
595 2360 678 2402 Isti
717 2368 819 2402 sunt
849 2360 929 2402 filii
965 2359 1058 2404 8611
1091 2358 1270 2415 horraei,
1301 2358 1576 2403 habitatores
1604 2364 1765 2403 terrae:
1794 2360 1960 2414 Lotan,
1991 2363 2036 2402 et
2070 2359 2224 2415 Sobal,
2257 2363 2307 2402 et

468 2419 660 2475 Sebeon,
695 2426 739 2463 et
770 2423 890 2475 Ana,
918 2419 953 2446 2¹
981 2424 1024 2462 et
1060 2419 1219 2474 Dison,
1248 2425 1292 2462 et
1324 2420 1450 2473 Eser,
1479 2424 1528 2461 etv
1553 2418 1706 2462 Disan.
1742 2418 1805 2462 Hi
1835 2418 1969 2462 duces
2005 2417 2184 2474 horraei,
2220 2417 2301 2461 fflii

469 2479 580 2535 8611,
616 2479 661 2521 111
694 2485 811 2523 terra
845 2480 1001 2523 Edoni.
1028 2478 1064 2504 '²2
1091 2479 1219 2521 Facti
1250 2484 1351 2521 sunt
1381 2483 1531 2521 autem
1560 2477 1640 2520 filii
1670 2479 1814 2521 Lotan
1838 2493 1846 2520 :
1871 2477 1982 2520 Hori
2013 2482 2064 2520 etr
2090 2478 2270 2520 Heman
2285 2494 2306 2533 3v

467 2544 561 2581 erat
578 2547 728 2582 autem
749 2554 868 2582 soror
891 2540 1058 2594 Lotan,
1077 2538 1292 2581 Thamna.
1313 2537 1350 2563 93
1368 2538 1426 2580 Et
1448 2537 1522 2580 isti
1547 2537 1627 2580 filii
1651 2537 1810 2581 Sebal:
1832 2536 1994 2592 Alvan,
2014 2541 2058 2580 et
2072 2537 2300 2594 Manabat,

467 2603 511 2641 et
534 2598 667 2654 Ebal,
687 2604 732 2641 et
755 2599 911 2655 Sepho,
931 2603 975 2641 et
998 2599 1154 2642 Onam.
1174 2596 1211 2623 ‘24
1229 2599 1286 2640 Et
1308 2597 1354 2640 hi
1377 2596 1456 2639 filii
1476 2597 1670 2641 Sebeon:
1692 2597 1777 2640 Aia
1801 2601 1845 2639 et
1869 2598 1983 2639 Ana.
2003 2596 2096 2639 Iste
2115 2601 2182 2639 est
2199 2597 2302 2639 Ana

467 2657 541 2712 qui
566 2658 738 2701 invenit
763 2672 899 2713 aquas
926 2657 1096 2701 calidas
1116 2657 1162 2699 in
1183 2656 1445 2711 solitudine,
1467 2670 1567 2699 eum
1585 2661 1789 2712 pasceret
1802 2655 1950 2699 asinos
1972 2654 2143 2700 Sebeon
2162 2655 2309 2711 patris.

467 2717 534 2760 sui
555 2734 563 2771 ;
592 2716 627 2743 ‘²5
644 2717 888 2772 habuitque
917 2717 1057 2760 filium
1092 2717 1251 2772 Dison,
1279 2724 1322 2760 et
1347 2715 1487 2759 filiam
1509 2715 1756 2759 Oolibama.
1783 2713 1820 2741 ⁵²⁰
1838 2715 1896 2757 Et
1921 2714 1993 2757 isti
2019 2714 2099 2757 filii
2126 2714 2266 2758 Dison
2282 2730 2301 2758 :.

469 2777 716 2831 Hamdam,
748 2782 792 2819 et
827 2777 1023 2831 Eseban,
1055 2782 1099 2819 et
1131 2776 1358 2830 Jethram,
1386 2780 1431 2818 et
1463 2775 1650 2819 Charan.
1682 2773 1716 2801 '2⁷
1741 2774 1804 2818 Hi
1835 2787 2006 2829 quoque
2035 2773 2116 2817 fflii
2150 2775 2259 2817 Eser
2281 2789 2300 2817 τ·

469 2836 659 2884 Balaan,
687 2842 731 2878 et
755 2838 925 2891 Zavan,
950 2841 994 2878 et
1016 2838 1157 2878 Aean.
1177 2833 1214 2860 ‘2⁸
1233 2834 1405 2878 Habuit
1430 2840 1581 2877 autem
1610 2834 1725 2878 filios
1750 2833 1887 2876 Disan
1908 2849 1916 2876 ε
1949 2833 2063 2876 Hus
2080 2838 2125 2876 et
2146 2835 2307 2878 Aram..

467 2894 504 2920 99
523 2895 583 2938 Hi
611 2895 743 2938 duces
768 2896 1052 2938 Horrzeorum
1075 2911 1084 2937 ;
1117 2894 1206 2937 dux
1238 2895 1402 2947 Lotan,
1436 2894 1525 2936 dux
1552 2893 1703 2949 Sobal,
1731 2893 1821 2936 dux
1844 2892 2036 2948 Sebeon,
2061 2892 2151 2935 dux
2176 2894 2295 2948 Ana,

467 2954 504 2980 30
518 2954 606 2997 dux
627 2954 785 3009 Dison,
802 2954 891 2997 dux
907 2955 1026 3010 Eser,
1043 2954 1134 2997 dux
1156 2952 1311 2996 Disan.
1327 2952 1409 2996 Isti
1428 2952 1561 2996 duces
1580 2953 1863 2996 Horraeorum
1877 2952 1952 3007 qui
1970 2951 2309 3008 imperaverunt.

467 3014 513 3056 in
537 3019 654 3057 terra
679 3014 783 3059 8611.

526 3074 559 3100 31
591 3075 732 3129 Reges
766 3079 915 3117 autem
951 3074 1025 3129 qui
1058 3078 1357 3129 regnaverunt
1389 3072 1435 3115 in
1471 3077 1588 3115 terra
1627 3072 1772 3117 Edoni
1805 3075 2043 3126 antequam
2084 3070 2299 3113 haberent

466 3148 616 3189 regem
647 3133 726 3176 filii
753 3133 916 3187 Israel,
947 3134 1131 3176 fuerunt
1155 3132 1230 3175 hi:
1263 3131 1299 3159 3‘2
1319 3132 1428 3175 Bela
1457 3132 1573 3175 filius
1605 3133 1738 3185 Beor,
1767 3143 2016 3185 nomenque
2049 3129 2168 3172 urbis
2201 3128 2309 3184 ejus«

468 3193 671 3236 Denaba
696 3193 733 3219 33
754 3194 950 3235 Mortuus
968 3198 1036 3235 est
1056 3197 1206 3235 autem
1234 3191 1364 3247 Bela,
1383 3196 1428 3234 et
1451 3190 1658 3247 regnavit
1679 3203 1757 3246 pro
1782 3202 1833 3232 eo
1856 3189 1883 3231 J
1889 3188 2004 3232 obab
2031 3189 2147 3232 filius
2173 3189 2299 3231 Zarae

468 3252 521 3295 de
547 3253 694 3295 Bosra.
714 3251 750 3278 31
769 3252 964 3307 Cumque
987 3256 1184 3295 mortuus
1202 3255 1317 3295 esset
1335 3251 1363 3294 J
1368 3250 1495 3306 obab,
1518 3249 1732 3306 regnavit
1745 3262 1822 3305 pro
1845 3262 1896 3291 eo
1919 3248 2092 3292 Husam
2111 3247 2164 3291 de
2182 3251 2298 3290 terra

468 3311 809 3354 Themanorum.
829 3311 865 3337 ‘³³'
886 3312 983 3353 Hoc
1006 3325 1176 3366 quoque
1201 3315 1395 3364 mortuo,
1417 3309 1624 3365 regnavit
1648 3322 1725 3365 pro
1751 3321 1801 3350 eo
1827 3307 1959 3350 Adad
1981 3306 2097 3349 filius
2120 3305 2292 3361 Badad,

468 3371 542 3426 qui
584 3372 797 3426 percussit
841 3370 1022 3413 Madian
1061 3370 1104 3412 in
1144 3370 1325 3425 regione
1362 3369 1496 3412 Moab
1519 3386 1526 3423 ;
1569 3373 1613 3411 et
1652 3381 1813 3410 nomen
1848 3366 1968 3408 urbis
2004 3365 2102 3422 ejus
2142 3364 2301 3409 Avith..

469 3429 506 3455 3⁶
520 3430 715 3485 0111110110
735 3436 929 3472 mortuus
956 3434 1070 3472 esset
1096 3429 1247 3484 Adad,
1270 3427 1475 3484 regnavit
1492 3442 1570 3484 pro
1593 3442 1644 3471 eo
1667 3426 1814 3470 Semla
1832 3425 1886 3468 de
1909 3427 2122 3468 Masreca.
2142 3423 2177 3451 3⁷
2197 3425 2297 3466 Hoo

468 3502 639 3544 quoque
666 3501 861 3544 mortuo,
892 3489 1098 3544 regnavit
1132 3503 1208 3545 pro
1235 3502 1285 3531 eo
1312 3487 1415 3532 Saul
1446 3487 1499 3530 de
1524 3486 1659 3529 fluvio
1687 3484 1934 3529 Rohoboth.
1961 3484 1997 3511 33
2022 3484 2219 3539 Cumque
2246 3487 2300 3526 et.

467 3634 497 3666 4]
520 3633 535 3660 I
555 3633 625 3660 Par.
644 3634 728 3666 1,.35.
755 3649 790 3652 —
818 3635 844 3666 7]
860 3635 936 3665 sup.
956 3634 1055 3667 XIII,
1072 3636 1096 3660 ὃ.
1119 3647 1153 3651 -
1178 3633 1208 3666 8]
1223 3632 1294 3660 Jos.
1312 3632 1437 3665 XXIV,
1452 3633 1478 3659 4.
1499 3644 1535 3651 -
1553 3631 1600 3664 10]
1620 3630 1636 3658 I
1655 3630 1726 3658 Par.
1747 3629 1773 3664 Ι,
1790 3631 1834 3658 35.
1851 3643 1887 3648 -
1908 3629 1956 3662 20]
1976 3628 1990 3655 1
2010 3627 2081 3655 Par.
2097 3627 2182 3661 Las.
