2456 3861
217 868 319 894 Suum
350 865 458 892 decla-

216 917 268 938 rat
311 909 459 942 proposi-

272 959 343 982 tum
362 955 402 983 de

246 999 350 1027 Israel
371 1007 427 1032 per

266 1045 403 1077 Moysen

244 1088 427 1116 liberando.

221 1397 448 1424 confutantur

229 1441 441 1475 objectiones

266 1485 401 1519 Moysis.

216 1881 303 1909 Deus
349 1879 456 1908 consi-

233 1924 314 1952 lium
338 1932 436 1953 suum

265 1969 407 2002 exponit

262 2014 407 2047 amplius

232 2058 441 2091 instruitque

255 2104 417 2137 legatum.

221 3008 353 3041 Triplex
405 3007 463 3035 dat

255 3053 362 3085 Moysi
392 3052 433 3080 si-

222 3104 324 3129 gnum
341 3097 373 3123 iu
389 3104 464 3125 con-

230 3141 452 3169 firmationem

251 3184 433 3215 missionis,

526 152 582 194 54
1172 153 1253 195 Ex.
1288 152 1385 207 111,
1419 153 1445 193 2
1470 178 1530 183 -
1561 152 1641 207 iv,
1675 153 1715 196 6.

526 321 609 364 Dei
637 321 802 365 Horeb.
826 321 842 347 2
868 322 1173 377 Apparuitque
1199 321 1239 363 ei
1262 321 1478 364 Dominus
1502 321 1549 363 in
1571 321 1752 367 flamma
1777 321 1894 378 ignis
1917 322 1972 366 de
1994 324 2140 368 medio
2160 324 2284 381 rubi,
2312 329 2361 368 et

525 380 709 423 videbat
731 381 846 435 quod
872 380 1005 422 rubus
1038 379 1232 434 arderet,
1261 385 1306 424 et
1335 394 1422 422 non
1445 380 1788 425 combureretur.
1821 381 1838 407 3
1864 381 1992 426 Dixit
2016 397 2119 438 ergo
2142 385 2318 440 Moyses
2346 400 2357 429 :

526 439 722 494 Vadam,
751 445 793 482 et
816 439 976 481 videbo
1002 438 1219 480 visionem
1242 438 1357 480 hanc
1379 453 1609 494 magnam,
1637 453 1770 494 quare
1792 454 1881 483 non
1903 440 2187 485 comburatur
2206 443 2354 488 rubus,

525 498 543 524 4
564 500 758 543 Cernens
788 503 937 540 autem
970 497 1187 539 Dominus
1216 497 1331 552 quod
1357 503 1562 554 pergeret
1590 498 1646 540 ad
1680 498 1944 554 videndum,
1970 500 2149 543 vocavit
2176 515 2278 544 eum
2304 502 2359 545 de

526 557 672 601 medio
702 557 824 611 rubi,
859 561 903 599 et
938 556 1000 598 ait
1025 575 1035 602 :
1058 557 1258 612 Moyses!
1287 557 1485 614 Moyses!
1510 558 1591 608 Qui
1613 558 1842 615 respondit
1872 575 1880 602 :
1908 558 2093 603 Adsum.
2117 559 2134 586 ⁵
2155 561 2218 603 At
2241 561 2318 604 ille
2348 578 2356 604 :

526 618 592 659 Ne
619 617 871 672 appropies,
902 615 1066 671 inquit,
1097 615 1210 670 huc3
1246 616 1367 659 solve
1401 616 1756 659 calceamentum
1789 617 1843 660 de
1876 617 2064 673 pedibus
2092 618 2209 675 tuis;
2235 619 2359 663 locus

525 676 665 730 enim,
689 675 735 716 in
765 689 849 730 quo
883 678 993 729 stas,
1028 680 1145 733 terra
1173 681 1330 718 sancta
1352 681 1431 720 est.
1464 675 1481 702 6
1507 677 1565 718 Et
1591 676 1656 719 ait
1684 693 1693 720 :
1728 677 1824 732 Ego
1849 690 1946 719 sum
1969 677 2090 720 Deus
2112 679 2250 734 patris
2271 677 2356 735 tui,

525 736 643 777 Deus
678 733 927 789 Abraham,
958 735 1077 776 Deus
1111 735 1261 790 Isaac,
1284 739 1328 777 et
1356 736 1475 778 Deus
1508 735 1664 779 Jacob.
1688 734 1950 779 ‘Abscondit
1984 736 2160 794 Moyses
2193 736 2359 782 faciem

523 807 676 847 suam,
705 807 793 835 non
816 792 935 835 enim
961 793 1156 836 audebat
1181 794 1379 850 aspicere
1403 799 1557 838 contra
1584 796 1739 839 Deum.

582 852 597 878 7
621 851 701 896 Cui
728 852 791 894 ait
821 853 1037 895 Dominus
1067 869 1074 896 :
1112 852 1215 895 Vidi
1241 853 1529 896 affiictionem
1556 854 1710 911 populi
1743 854 1831 898 mei
1864 854 1909 896 in
1934 856 2166 914 AEgypt-03
2202 861 2246 899 et
2271 856 2360 899 cla-

523 926 691 955 morem
725 912 822 968 ejus
855 911 1007 954 audivi
1038 917 1216 968 propter
1245 912 1455 955 duritiam
1489 927 1640 956 eorum
1674 914 1750 970 qui
1781 919 1979 971 praesunt
2005 914 2239 972 operibus,
2274 915 2292 943 ⁸
2316 920 2361 960 et

522 971 668 1014 sciens
690 971 887 1016 dolorem
914 971 1031 1027 ejus,
1060 971 1271 1014 descendi
1296 977 1344 1015 ut
1369 971 1556 1015 liberem
1581 987 1683 1016 eum
1706 973 1759 1016 de
1785 973 1992 1016 manibus
2017 974 2361 1033 AEgyptiorum,

522 1036 565 1073 et
588 1030 774 1074 educam
804 1030 857 1073 de
882 1035 1000 1073 terra
1028 1030 1106 1073 illa
1134 1030 1180 1072 in
1209 1036 1373 1074 terram
1403 1031 1588 1087 bonam,
1615 1037 1660 1075 et
1689 1032 1929 1090 spatiosam
1952 1050 1961 1087 3
1997 1033 2041 1076 in
2069 1039 2233 1077 terram
2261 1048 2359 1092 quae

521 1089 619 1133 fluit
640 1090 757 1133 lacte
784 1094 828 1132 et
850 1090 1001 1145 melle,
1026 1089 1081 1132 ad
1110 1089 1206 1133 loca
1232 1090 1494 1146 Chananaei,
1519 1096 1563 1134 et
1590 1091 1791 1147 Hethaei,
1814 1097 1859 1135 et
1885 1092 2155 1149 Amorrhaei,
2179 1098 2225 1136 et
2247 1094 2360 1137 Phe-

522 1150 672 1205 rezaei,
700 1154 745 1192 et
768 1149 950 1204 Hevaei,
975 1154 1019 1191 et
1042 1150 1070 1192 J
1074 1149 1257 1193 ebusaei.
1283 1149 1300 1175 ⁹
1322 1150 1500 1194 Clamor
1522 1164 1625 1206 ergo
1654 1150 1846 1194 filiorum
1872 1151 2012 1194 Israel
2037 1152 2162 1194 venit
2182 1153 2239 1196 ad
2263 1167 2331 1196 me
2351 1169 2362 1209 ;

522 1209 701 1264 vidique
727 1208 1015 1251 afflictionem
1041 1222 1212 1264 eorum,
1245 1223 1330 1265 qua
1361 1208 1416 1252 ab
1442 1209 1674 1266 AEgyptiis
1709 1209 2030 1266 opprimuntur.
2065 1210 2102 1237 ¹⁰
2126 1211 2211 1255 Sed
2237 1212 2360 1269 veni,

522 1274 565 1311 et
592 1268 768 1311 mittam
794 1273 837 1310 te
863 1267 919 1310 ad
947 1267 1245 1325 Pharaonem,
1273 1273 1322 1312 ut
1345 1268 1508 1312 educas
1537 1268 1751 1326 populum
1774 1283 1944 1325 meum,
1971 1269 2087 1312 filios
2112 1271 2275 1327 Israel,
2308 1271 2381 1314 de·

520 1329 580 1371 AE
660 1334 737 1372 Jto.

581 1343 849 1444 gyIIDixitque
874 1389 1049 1446 Moyses
1075 1388 1132 1431 ad
1159 1388 1305 1432 Deum
1328 1405 1338 1434 :
1365 1388 1469 1439 Quis
1492 1403 1592 1432 sum
1613 1403 1695 1445 ego
1721 1394 1770 1432 ut
1794 1389 1961 1432 vadam
1981 1389 2038 1432 ad
2062 1390 2360 1446 Pharaonem,

520 1452 564 1491 et
590 1448 777 1491 educam
803 1448 917 1491 filios
941 1448 1080 1491 Israel
1116 1448 1169 1491 de
1203 1447 1439 1504 AEgypto‘?
1472 1447 1508 1474 ¹2
1529 1448 1612 1498 Qui
1643 1447 1758 1491 dixit
1780 1448 1821 1492 ei
1848 1465 1858 1492 ε
1895 1449 1991 1505 Ego
2014 1463 2087 1492 ero
2111 1455 2289 1504 tecum,
2318 1454 2363 1492 et

519 1507 603 1550 hoc
625 1507 812 1551 habebis
837 1507 1036 1564 signum,
1061 1507 1177 1563 quod
1201 1506 1398 1551 miserim
1423 1512 1467 1550 te
1491 1524 1500 1551 τ
1526 1508 1637 1551 Cum
1663 1508 1866 1551 eduxeris
1893 1508 2107 1566 populum
2133 1523 2283 1552 meum
2310 1509 2385 1552 de·

520 1568 741 1624 AEgypto,
765 1566 1019 1610 immolabis
1046 1568 1140 1610 Deo
1163 1581 1293 1623 super
1316 1572 1514 1610 montem
1543 1567 1692 1611 istum.
1726 1567 1761 1594 ¹3
1786 1567 1864 1613 Ait
1895 1566 2071 1625 Moyses
2096 1568 2152 1611 ad
2179 1569 2325 1611 Deum
2352 1585 2362 1613 z

522 1627 639 1670 Ecce
663 1641 744 1682 ego
771 1627 933 1670 vadam
959 1627 1015 1669 ad
1038 1626 1151 1669 filios
1178 1626 1339 1682 Israel,
1367 1631 1411 1671 et
1445 1626 1592 1671 dicam
1623 1628 1686 1671 eis
1716 1645 1724 1672 :
1758 1628 1879 1670 Deus
1912 1633 2091 1684 patrum
2115 1633 2363 1671 vestrorum

521 1686 643 1729 misit
668 1701 738 1728 me
773 1686 829 1728 ad
863 1701 954 1730 vos.
983 1686 1026 1730 Si
1062 1686 1256 1729 dixerint
1292 1685 1400 1728 mihi
1430 1703 1438 1729 :
1465 1686 1590 1737 Quod
1624 1692 1690 1730 est
1723 1701 1885 1731 nomen
1917 1687 2050 1744 ejus?
2083 1687 2189 1744 quid
2215 1686 2362 1732 dicam

521 1746 618 1789 eis?
653 1745 687 1772 14
714 1745 842 1788 Dixit
877 1747 997 1788 Deus
1020 1745 1076 1788 ad
1104 1746 1290 1803 Moysen
1317 1761 1326 1789 ε
1363 1746 1460 1802 Ego
1485 1760 1583 1788 sum
1618 1746 1692 1802 qui
1725 1761 1836 1789 sum.
1861 1746 1940 1789 Ait
1967 1764 1976 1791 :
2012 1746 2082 1791 Sic
2108 1746 2228 1790 dices
2260 1746 2369 1790 filiis

522 1805 661 1848 Israel
692 1822 705 1849 r
729 1805 810 1855 Qui
832 1810 918 1861 est,
948 1805 1069 1848 misit
1096 1819 1166 1848 me
1192 1805 1249 1848 ad
1272 1819 1364 1849 vos.

581 1864 617 1891 ¹⁵·
636 1864 848 1920 Dixitque
874 1863 1035 1907 iterum
1062 1865 1183 1907 Deus
1205 1864 1262 1907 ad
1287 1865 1472 1922 Moysen
1498 1881 1507 1909 :
1534 1866 1649 1910 Haec
1672 1865 1793 1909 dices
1819 1865 1921 1908 filiis
1948 1863 2087 1910 Israel
2110 1881 2119 1907 :
2147 1865 2367 1909 Dominus

522 1926 643 1968 Deus
676 1929 854 1981 patrum
887 1930 1157 1980 vestrorum,
1195 1925 1316 1968 Deus
1349 1924 1600 1982 Abraham,
1637 1927 1757 1968 Deus
1790 1926 1939 1980 Isaac,
1975 1929 2020 1968 et
2053 1925 2171 1967 Deus
2197 1924 2362 1980 Jacob,

522 1983 643 2026 misit
672 1998 742 2026 me
779 1983 836 2026 ad
869 1997 975 2038 vos3
1012 1984 1093 2027 hoc
1120 1998 1284 2027 nomen
1317 1983 1428 2027 mihi
1453 1989 1520 2027 est
1555 1984 1603 2030 in
1639 1989 1886 2039 aeternum;
1919 1989 1964 2027 et
1999 1983 2082 2026 hoc
2107 1983 2363 2027 memoriale

523 2058 672 2086 meum
697 2042 743 2085 in
775 2043 1110 2099 generationem
1135 2049 1179 2086 et
1212 2043 1560 2100 generationem.
1597 2043 1634 2070 ¹¹0
1660 2044 1785 2087 Vade
1799 2080 1811 2100 „
1835 2050 1880 2086 et
1914 2056 2137 2098 congrega
2169 2042 2376 2086 seniores-

523 2103 683 2159 Israel,
708 2107 753 2145 et
775 2102 896 2145 dices
918 2103 974 2145 ad
1001 2117 1074 2146 eos
1104 2119 1115 2146 τ
1138 2103 1356 2146 Dominus
1389 2104 1509 2146 Deus
1530 2109 1711 2160 patrum
1730 2108 1979 2147 vestrorum
2005 2102 2212 2158 apparuit
2231 2102 2368 2159 mihi,

523 2164 642 2205 Deus
680 2162 929 2217 Abraham,
967 2164 1086 2205 Deus
1125 2164 1274 2218 Isaac,
1306 2167 1350 2206 et
1384 2163 1505 2206 Deus
1539 2163 1702 2218 Jacob,
1731 2163 1881 2205 dicens
1909 2180 1919 2207 ε
1950 2161 2154 2205 Visitans
2183 2161 2365 2204 visitavi

521 2236 621 2278 voe,
645 2227 690 2265 et
719 2221 813 2264 vidi·
839 2222 989 2264 omnia
1022 2237 1121 2278 quae
1148 2212 1409 2266 acciderunt
1433 2222 1560 2266 vobis
1593 2222 1640 2265 in·
1664 2223 1867 2279 AEgypto
1888 2239 1896 2277 3
1933 2221 1970 2247 1⁷
1991 2226 2036 2264 et-
2069 2220 2166 2263 d‘i‘xi
2184 2226 2237 2264 ut:
2258 2221 2363 2264 edu-

523 2296 621 2323 cam
661 2295 739 2324 vos
777 2281 830 2324 de
872 2281 1111 2325 afflictione
1151 2281 1364 2339 AEgypti,
1404 2281 1450 2324 in
1487 2287 1651 2324 terram
1690 2281 1954 2337 Chananaei,
1993 2285 2038 2323 et
2075 2280 2276 2336 Hethaei,
2319 2286 2364 2324 et

522 2340 793 2394 Amorrhaei,
818 2345 862 2383 et
888 2341 1134 2397 Pherezaei,
1160 2346 1204 2384 et
1230 2341 1413 2396 Hevaei‚
1434 2346 1478 2384 et
1501 2341 1720 2397 Jebusaei,
1740 2341 1798 2384 ad
1823 2347 1987 2384 terram
2011 2339 2226 2382 fluentem
2246 2339 2366 2384 laete·

523 2406 567 2443 et
589 2399 734 2442 melle.
760 2399 794 2426 ‘¹⁸
814 2400 871 2442 Et
893 2400 1076 2443 audient
1098 2415 1254 2444 vocem
1277 2406 1429 2456 tuam,
1450 2400 1800 2457 ingredierisque
1826 2405 1895 2456 tu,
1922 2405 1966 2443 et
1991 2399 2186 2442 seniores
2209 2399 2366 2455 Israel,

524 2459 580 2502 ad
606 2474 757 2515 regem
784 2459 994 2516 AEgypti,
1020 2464 1064 2503 et
1087 2460 1207 2503 dices
1231 2460 1287 2503 ad
1310 2475 1411 2503 eum
1442 2476 1450 2504 ι
1482 2460 1700 2503 Dominus
1728 2461 1846 2503 Deus
1870 2459 2163 2502 Hebraeorum
2184 2459 2363 2502 vocavit

523 2533 601 2561 nos
623 2536 631 2572 ;
659 2518 823 2561 ibimus
845 2519 966 2561 viam
992 2519 1126 2562 trium
1162 2519 1332 2563 dierum
1357 2519 1404 2562 in
1435 2519 1744 2576 solitudinem,
1779 2525 1828 2562 ut
1860 2518 2143 2561 immolemus
2169 2517 2373 2561 Domino

526 2579 620 2621 Deo
653 2584 816 2621 nostro.
845 2578 879 2604 ¹9
906 2578 989 2622 Sed
1020 2593 1103 2635 ego
1133 2579 1224 2622 scio
1250 2579 1369 2635 quod·
1389 2593 1476 2622 non
1502 2579 1701 2622 dimittet
1727 2593 1804 2622 vos
1833 2593 1911 2621 rex
1941 2577 2132 2634 AEgypti
2158 2582 2208 2620 ut
2230 2577 2372 2634 eatis,

523 2637 606 2679 nisi
632 2652 708 2693 per
730 2652 911 2680 manum
934 2638 1143 2681 validam.
1168 2637 1205 2665 ‘20
1228 2638 1483 2681 Extendam
1505 2639 1623 2682 enim
1650 2653 1832 2681 manum
1857 2651 2024 2691 meam,
2051 2642 2095 2679 et
2117 2636 2363 2693 percutiam

524 2697 776 2752 AE'gyptum
817 2697 863 2739 in
901 2697 1073 2740 cunctis
1111 2697 1391 2740 mirabilibus
1429 2698 1561 2754 meis,
1603 2712 1702 2754 quae
1748 2697 1950 2740 facturus
1994 2710 2092 2739 sum
2132 2696 2181 2739 in
2215 2696 2377 2740 medio-

525 2769 707 2809 eoru1n;
740 2762 839 2811 post
872 2756 969 2799 haec
1004 2757 1201 2800 dimittet
1230 2772 1317 2800 vos.
1353 2757 1389 2784 2¹
1417 2757 1632 2813 Daboque
1667 2757 1857 2814 gratiam
1890 2755 2054 2812 populo
2087 2755 2190 2798 huic
2215 2769 2362 2798 coram

526 2814 784 2870 AEgyptiisg
824 2820 868 2858 et
905 2830 1005 2858 cum
1043 2816 1355 2872 egrediemini,
1393 2831 1481 2859 non
1523 2816 1704 2860 exibitis
1740 2815 1899 2870 vacui3
1939 2813 1976 2840 “2²
2008 2814 2086 2858 sed
2118 2813 2377 2871 postulabit,

526 2873 685 2915 mulier
702 2888 727 2915 a
754 2874 900 2916 vicina
923 2889 1023 2930 sua,
1044 2881 1087 2919 et
1109 2876 1165 2917 ab
1188 2876 1363 2932 hospita
1387 2890 1485 2932 sua,
1509 2890 1617 2918 vasa
1639 2880 1851 2932 argentea
1878 2880 1922 2917 et
1945 2889 2098 2930 aurea,
2119 2888 2171 2917 ac
2188 2878 2362 2929 veste83

526 2932 788 2989 ponetisque
811 2948 884 2976 eas
910 2948 1040 2990 super
1062 2935 1174 2978 filios
1197 2942 1241 2977 et
1265 2935 1378 2978 filias
1400 2940 1591 2991 vestras,
1620 2940 1664 2978 et
1686 2934 1934 2992 spoliabitis
1960 2934 2227 2990 AEgyptum.

588 2992 694 3036 CAP.
723 2993 802 3037 IV.
827 3019 883 3024 —
916 2992 927 3018 ¹
956 2994 1241 3050 Respondens
1278 2995 1453 3049 Moyses
1478 2994 1543 3037 ait
1573 3011 1582 3039 :
1616 2995 1716 3037 Non
1751 2993 1932 3049 credent
1958 2993 2088 3048 mihi,
2119 3005 2261 3048 neque
2287 3005 2361 3034 asu-

529 3051 653 3094 dient
677 3065 832 3094 vocem
856 3067 1021 3108 meam,
1045 3053 1121 3096 sed
1146 3053 1296 3096 dicen-t
1323 3072 1331 3098 ς
1359 3054 1459 3096 Non
1486 3053 1692 3110 apparuit
1713 3052 1796 3096 tibi
1816 3052 2045 3095 Dominus.
2068 3051 2086 3078 ‘²
2109 3051 2236 3095 Dixit
2257 3064 2361 3106 ergo

529 3110 586 3153 ad
614 3125 714 3154 eum
738 3128 745 3155 :
771 3111 884 3162 Quid
906 3117 972 3154 est
995 3113 1109 3167 quod
1133 3118 1257 3155 tenes
1279 3114 1324 3155 in
1348 3128 1481 3155 manu
1504 3113 1616 3157 tua?
1641 3111 1885 3169 Respondit
1911 3129 1920 3155 ε
1943 3112 2094 3167 Virga.
2114 3110 2133 3138 3
2151 3109 2364 3165 Dixitque

530 3170 747 3213 Dominus
777 3187 785 3213 :
813 3171 986 3226 Projice
1011 3186 1106 3213 eam
1130 3172 1175 3213 in
1201 3178 1377 3216 terram.
1407 3172 1623 3229 Projecit,
1649 3176 1693 3215 et
1713 3185 1839 3214 versa
1862 3176 1927 3214 est
1949 3171 1995 3213 in
2019 3169 2270 3224 colubrum,
2300 3169 2363 3211 ita

530 3234 580 3271 ut
600 3229 779 3285 fugeret
801 3230 989 3286 Moyses.
1017 3230 1031 3255 ‘¹
1055 3230 1264 3286 Dixitque
1286 3231 1502 3275 Dominus
1528 3248 1537 3275 ε
1562 3230 1764 3274 Extende
1782 3245 1966 3273 manum
1984 3235 2128 3284 tuam,
2146 3232 2189 3272 et
2206 3242 2363 3284 appre-

530 3288 674 3331 hende
700 3288 888 3330 caudam
915 3288 1025 3344 ejus.
1062 3290 1300 3345 Extendit,
1331 3295 1375 3334 et
1411 3291 1576 3346 tenuit,
1603 3303 1815 3344 versaque
1853 3295 1919 3332 est
1955 3289 2003 3331 in
2035 3288 2221 3344 virgam.
2257 3287 2274 3314 5
2301 3287 2362 3330 Ut

532 3347 736 3402 credant,
769 3347 935 3403 inquit,
973 3348 1088 3403 quod
1126 3350 1380 3405 apparuerit
1416 3349 1498 3392 tibi
1537 3349 1754 3393 Dominus
1789 3349 1908 3391 Deus
1945 3352 2121 3404 patrum
2157 3360 2363 3402 suorum,

534 3407 654 3449 Deus
688 3406 937 3462 Abraham,
968 3408 1088 3450 Deus
1122 3408 1269 3463 Isaac,
1305 3414 1349 3451 et
1384 3409 1504 3451 Deus
1538 3408 1694 3452 Jacob.
1729 3407 1747 3434 ⁶
1775 3407 1986 3463 Dixitque
2021 3405 2238 3449 Dominus
2270 3419 2362 3448 rur-

532 3479 630 3508 sum
654 3483 662 3509 :
690 3465 818 3509 Mitte
844 3480 1027 3508 manum
1053 3471 1175 3509 tuam
1204 3467 1250 3509 in
1271 3466 1421 3511 sinum
1446 3472 1586 3510 tuum.
1610 3468 1751 3518 Quam
1777 3480 1879 3509 cum
1907 3465 2100 3508 misisset
2119 3464 2167 3507 in
2193 3464 2381 3520 sinum5,

534 3667 565 3701 2]
583 3668 656 3695 Act.
675 3668 752 3703 VH,
769 3671 813 3697 30.
826 3684 859 3687 —
873 3670 901 3702 6]
921 3669 1042 3697 Matth.
1061 3669 1174 3704 XXII,
1197 3671 1242 3697 32.
1273 3669 1365 3697 Marc.
1391 3669 1478 3706 ΧΠ,
1502 3671 1546 3698 26.
1570 3669 1650 3698 Luc.
1666 3669 1739 3705 XX,
1756 3671 1845 3698 37.--—
1860 3670 1910 3703 21]
1924 3669 1988 3698 Int.
2008 3668 2076 3705 xl,
2093 3671 2110 3697 2
2127 3670 2162 3697 et
2179 3666 2346 3704 mmm,
