2423 3861
173 352 364 385 Descriptio

196 397 341 426 miseriae

166 447 315 471 externae
335 445 369 469 et

172 486 365 519 imploratio

148 531 293 561 caelestis
328 530 388 558 mi-

169 573 368 604 sericordiae.

198 2190 343 2218 Titulus.

203 2269 284 2302 Agit
303 2268 341 2296 de

195 2313 347 2341 *vanitate

155 2365 191 2387 01
211 2357 380 2385 *brevitate

232 2401 318 2430 vitae.

240 3317 334 3347 Petit

161 3362 400 3392 liberationem

216 3415 233 3436 a
252 3407 360 3436 malis.

897 106 969 149 Ps.
1003 106 1252 161 XXXVII,
1289 107 1342 149 12
1374 113 1433 137 —'-
1464 106 1741 160 XXXVIII,
1779 106 1846 149 10.

749 281 793 320 et
817 277 968 319 lumen
988 276 1216 319 oculorum
1241 290 1459 330 meorum,
1487 280 1530 319 et
1554 275 1703 331 ipsum
1727 289 1816 318 non
1838 280 1904 318 est
1930 290 2119 320 mecum.

632 335 667 362 12
685 336 833 380 Amici
857 335 943 378 mei
971 340 1014 378 et
1037 335 1229 392 proximi
1252 335 1339 378 mei
1368 335 1607 377 adversum
1629 348 1700 377 me
1728 333 2219 391 appropinquaverunt,
2248 340 2293 380 et

751 400 795 438 et
820 395 892 451 qui
917 395 1049 450 juxta
1074 409 1146 438 me
1168 400 1314 450 erant,
1338 395 1392 437 de
1413 394 1546 450 longe
1566 398 1799 437 steterunt.
2017 395 2286 452 [steterunt3

691 455 728 482 13
745 456 803 498 Et
827 455 920 497 vim
945 454 1177 497 faciebant
1202 454 1275 510 qui
1301 454 1560 509 quaerebant
1580 452 1780 496 animam
1805 467 1966 496 meam.

691 516 749 558 Et
774 514 847 570 qui
873 513 1158 569 inquirebant
1184 514 1303 557 mala
1329 513 1459 568 mihi,
1486 512 1624 556 locuti
1649 517 1753 555 sunt
1779 512 2024 567 vanitates,

749 579 792 617 et
815 574 938 616 dolos
960 579 1053 616 tota
1080 573 1151 616 die
1173 573 1518 616 meditabantur.

632 633 666 660 14
685 633 781 690 Ego
803 640 974 689 autem,
1001 638 1216 689 tanquam
1241 632 1421 686 surdus,
1444 646 1533 675 non
1557 631 1823 686 audiebam3

750 698 794 736 et
818 692 934 735 sicut
958 697 1108 736 mutus
1134 707 1221 736 non
1243 691 1445 749 aperiens
1468 706 1514 735 os
1536 706 1678 734 suum.

632 752 668 779 15
686 754 744 796 Et
767 753 918 796 factus
943 767 1042 795 sum
1066 752 1182 796 sicut
1205 753 1336 795 homo
1359 766 1448 795 non
1472 751 1680 806 audiens,

750 817 793 855 et
818 826 905 855 non
930 812 1099 856 habens
1120 812 1167 854 in
1193 826 1264 855 ore
1289 826 1368 855 8110
1393 810 1743 866 redargutiones,

636 871 668 898 ¹⁰
687 871 907 921 Quoniam
930 872 977 914 in
1003 877 1066 927 te,
1094 872 1306 925 Domine,
1333 870 1532 927 speravi,

751 942 799 974 tu
826 931 1038 975 exaudies
1060 946 1150 987 me,
1176 930 1368 973 Domine
1396 931 1517 972 Deus
1543 945 1682 974 meus.

635 991 666 1017 ¹7
685 991 799 1042 Quia
824 991 917 1034 dixi
945 1007 953 1034 :
990 990 1238 1047 Nequando
1264 989 1624 1046 supergaudeant
1649 989 1760 1032 1111111
1782 989 1954 1032 1111111101
1982 988 2093 1044 11101;

752 1056 795 1094 et
821 1050 928 1093 dum
950 1055 1287 1093 commoventur
1305 1048 1439 1105 pedes
1458 1049 1567 1104 mei,
1595 1063 1726 1105 super
1747 1063 1818 1091 me
1837 1061 2001 1103 magna
2025 1047 2163 1091 locuti
2181 1051 2298 1092 sunt.

633 1110 668 1137 18
687 1110 907 1161 Quoniam
928 1124 1011 1165 ego
1032 1109 1079 1151 in
1101 1108 1280 1164 flagella
1301 1112 1483 1164 paratus
1508 1122 1628 1164 sum,

752 1176 794 1213 et
821 1169 945 1212 dolor
971 1183 1094 1212 meus
1112 1169 1159 1210 in
1186 1171 1427 1224 conspectu
1453 1181 1552 1211 meo
1578 1181 1766 1224 semper.

632 1229 668 1255 ¹9
686 1229 906 1280 Quoniam
930 1228 1215 1284 iniquitatem
1241 1241 1388 1271 meam
1412 1226 1710 1283 annuntiabo,

753 1295 795 1332 et
818 1288 1026 1344 cogitabo
1049 1302 1126 1345 pro
1151 1292 1335 1343 peccato
1360 1301 1472 1330 meo.

632 1348 669 1375 20
686 1347 867 1392 Inimici
889 1353 1041 1391 autem
1068 1347 1155 1390 mei
1181 1347 1360 1402 vivunt,
1389 1350 1432 1389 et
1457 1346 1706 1389 confirmati
1729 1352 1832 1389 sunt
1856 1361 1988 1404 super
2014 1360 2109 1403 me3

752 1414 796 1452 et
817 1407 1105 1466 multiplicati
1131 1411 1238 1450 sunt
1263 1406 1336 1462 qui
1364 1405 1552 1450 oderunt
1577 1420 1648 1449 me
1673 1405 1839 1462 inique.

633 1467 666 1494 ‘2¹
687 1468 771 1519 Qui
792 1468 1042 1511 retribuunt
1064 1467 1182 1509 mala
1208 1481 1285 1522 pro
1311 1465 1440 1509 bonis
1463 1465 1761 1509 detrahebant
1787 1465 1918 1523 mihi,

753 1527 962 1584 quoniam
988 1527 1202 1583 sequebar
1223 1525 1484 1569 bonitatem.

634 1586 671 1613 ‘²²
688 1588 756 1631 Ne
782 1587 1063 1643 derelinquas
1088 1600 1178 1642 me,
1209 1585 1400 1628 Domine
1428 1585 1549 1627 Deus
1575 1599 1723 1640 meus,

751 1661 806 1690 ne
829 1646 1083 1689 discesseris
1105 1660 1131 1688 a
1158 1659 1242 1687 me.

635 1705 671 1732 23
688 1706 879 1750 Intende
904 1705 950 1748 in
972 1705 1248 1762 adjutorium
1271 1719 1440 1760 meum,

754 1765 963 1821 Domine,
993 1766 1113 1808 Deus
1135 1764 1292 1808 salutis
1319 1778 1443 1808 meae.

1125 1894 1339 1936 PsALMUS
1377 1892 1632 1935 XXXVIII

605 1999 849 2055 Propriam
876 1997 1160 2054 afflictionem
1183 2010 1236 2039 ac
1260 1996 1358 2038 vitae
1383 1995 1585 2038 humanae
1609 1995 1848 2038 vanitatem
1863 1993 2035 2050 psaltes
2055 1992 2153 2037 Deo

1184 2055 1368 2111 supplex
1388 2056 1572 2119 exponit.

520 2162 531 2188 1
555 2162 609 2205 111
634 2161 791 2216 finem,
813 2159 898 2216 ipsi
927 2159 1135 2215 Idithun,
1158 2158 1386 2200 canticum
1413 2156 1575 2201 David.

655 2242 672 2268 2
690 2242 795 2286 Dixi
823 2257 832 2284 z
865 2241 1126 2286 Custodiam
1152 2240 1248 2283 vias
1274 2253 1417 2295 meaS,

755 2308 805 2345 ut
829 2317 916 2345 non
941 2300 1198 2356 delinquam
1222 2299 1269 2342 in
1295 2299 1449 2354 lingua
1475 2313 1587 2342 mea.

697 2361 829 2405 Posui
857 2362 918 2404 ori
946 2375 1042 2403 meo
1070 2359 1320 2403 custodiam

756 2436 858 2465 cum
883 2420 1143 2463 consisteret
1168 2424 1375 2476 peccator
1395 2418 1634 2462 adversum
1655 2431 1738 2460 me.

655 2480 674 2508 3
692 2480 926 2536 Obmutui,
955 2485 998 2523 et
1023 2479 1285 2522 humiliatus
1310 2493 1431 2533 sum,
1460 2482 1503 2520 et
1528 2476 1631 2519 silui
1651 2491 1678 2519 a
1703 2475 1856 2532 bonis,

757 2546 800 2583 et
825 2539 949 2583 dolor
973 2553 1098 2582 meus
1123 2542 1362 2581 renovatus
1389 2542 1470 2580 est.

657 2600 675 2627 4
692 2598 927 2644 Concaluit
950 2613 1023 2642 cor
1047 2612 1195 2641 meum
1216 2598 1335 2640 intra
1360 2611 1456 2652 me,

761 2665 804 2703 et
827 2659 874 2701 in
897 2657 1188 2702 meditatione
1214 2671 1315 2700 mea
1340 2656 1599 2700 exardescet
1620 2654 1750 2711 ignis.

658 2720 676 2747 5
692 2721 886 2763 Locutus
909 2732 1006 2761 sum
1030 2717 1077 2760 in
1098 2717 1252 2772 lingua
1274 2730 1373 2760 mea
1403 2733 1412 2760 ε

759 2779 927 2821 Notum
952 2778 1027 2821 fac
1052 2777 1180 2833 mihi,
1210 2776 1426 2830 Domine,
1449 2775 1584 2818 finem
1609 2788 1777 2829 meum,

759 2843 804 2881 et
828 2852 1061 2880 numerum
1083 2836 1254 2879 dierum
1276 2849 1475 2879 meorum
1502 2833 1597 2890 quis
1623 2838 1708 2888 est,

758 2904 807 2940 ut
833 2897 971 2940 sciam
994 2896 1097 2952 quid
1121 2895 1235 2939 desit
1256 2895 1379 2938 mihi.

659 2957 677 2984 ⁰
694 2958 812 3000 Ecce
837 2955 1157 3000 mensurabiles
1182 2954 1369 3012 posuisti
1396 2954 1490 2998 dies
1516 2967 1657 3009 meOS,

760 3022 803 3060 et
827 3015 1078 3059 substantia
1100 3030 1199 3059 mea
1224 3020 1437 3070 tanquam
1462 3013 1655 3056 nihilum
1679 3016 1783 3054 ante
1808 3016 1865 3055 te.

700 3077 1021 3118 Verumtamen
1042 3074 1248 3118 universa
1270 3073 1468 3130 vanitas,
1495 3071 1637 3116 omnis
1662 3071 1794 3113 homo
1815 3070 1985 3114 vivens.

720 3135 734 3160 7
756 3136 1076 3177 Verumtamen
1097 3134 1144 3176 in
1164 3133 1363 3189 imagine
1388 3131 1627 3190 pertransit
1651 3130 1807 3184 homo,

701 3194 777 3237 sed
799 3201 842 3237 et
866 3195 1033 3236 frustra
1059 3194 1373 3237 conturbatur:

760 3253 1050 3307 thesaurizat,
1075 3257 1118 3296 et
1139 3252 1318 3309 ignorat
1343 3251 1414 3294 cui
1441 3250 1732 3306 congregabit
1759 3263 1822 3292 ea.

663 3313 681 3340 8
699 3315 756 3356 Et
781 3326 899 3354 nunc
921 3327 1019 3368 quae
1046 3317 1112 3355 est
1137 3311 1387 3368 expectatio
1413 3308 1545 3353 mea?
1572 3310 1732 3352 Nonne
1758 3308 2002 3352 Dominus?

764 3373 823 3416 Et
842 3371 1092 3414 substantia
1114 3385 1212 3414 mea
1233 3370 1353 3428 apud
1378 3375 1422 3413 te
1444 3373 1523 3413 est.

663 3431 681 3458 9
697 3432 769 3475 Ab
795 3430 1002 3475 omnibus
1025 3430 1336 3486 iniquitatibus
1361 3429 1472 3472 meis
1494 3442 1596 3472 erue
1621 3441 1719 3470 me:

764 3489 1046 3548 opprobrium
1070 3489 1300 3546 insipienti
1323 3487 1486 3532 dedisti
1508 3501 1591 3530 me.

645 3549 682 3576 ¹⁰
699 3548 933 3605 Obmutui,
961 3554 1005 3592 et
1028 3562 1117 3591 non
1141 3548 1294 3605 aperui
1319 3561 1367 3592 os
1392 3560 1561 3601 meum,

765 3608 973 3665 quoniam
998 3613 1046 3651 tu
1071 3606 1245 3662 fecisti3
