2456 3861
841 155 975 198 Rurn
1012 155 1091 209 IV,
1127 155 1175 197 11
1192 154 1286 197 -22,
1889 152 1969 194 251

151 340 332 370 uxorem
354 325 587 381 Mahalon,
615 325 659 368 in
682 324 941 381 conjugium
963 325 1243 382 sumpserim,
1275 329 1323 367 ut
1347 323 1555 367 suscitem
1584 336 1745 366 nomen
1771 321 1973 365 defuncti

150 386 194 428 in
218 385 462 428 hereditate
485 399 583 440 sua,
608 399 663 428 ne
688 384 956 427 vocabulum
982 383 1078 439 ejus
1103 383 1158 427 de
1183 383 1359 426 familia
1384 397 1462 425 sua
1486 395 1538 424 ac
1574 381 1789 424 fratribus
1823 385 1867 424 et
1900 395 1974 437 po-

148 444 252 501 pulo
271 443 484 487 deleatur.
504 443 606 498 Vos,
630 444 824 499 inquam,
841 443 973 498 hujus
995 443 1056 485 rei
1080 448 1214 486 testes
1237 442 1355 485 estis.
1373 441 1404 467 ¹¹
1425 440 1668 497 Respondit
1682 440 1824 483 omnis
1839 454 1974 496 popu-

148 503 215 546 lus
241 503 315 558 qui
340 507 435 546 erat
460 502 505 545 in
531 507 656 558 porta
679 508 723 545 et
745 502 935 557 majores
968 506 1075 544 natu
1108 518 1116 545 :
1148 503 1238 544 Nos
1275 506 1409 544 testes
1440 514 1603 544 sumus.
1635 499 1792 542 Faciat
1822 499 1972 542 Domi-

147 576 230 605 nus
256 562 370 604 hanc
395 561 645 615 mulierem,
673 575 770 616 quae
796 560 1042 616 ingreditur
1067 560 1245 603 domum
1269 565 1412 614 tuam,
1436 558 1550 602 sicut
1574 558 1741 602 Rachel
1759 564 1804 602 et
1830 558 1972 612 Liam,

147 634 244 675 quae
269 620 601 663 aedificaverunt
627 619 807 662 domum
831 618 989 673 Israel,
1014 623 1061 660 ut
1083 618 1140 661 sit
1161 618 1414 674 exemplum
1437 617 1612 661 virtutis
1642 618 1685 660 in
1725 617 1973 674 Ephratha,

147 684 192 721 et
216 679 382 722 habeat
403 678 575 722 celebre
599 691 758 720 nomen
776 677 823 719 in
848 677 1134 730 Bethlehem;
1162 676 1196 703 ¹²
1221 676 1383 732 fiatque
1410 677 1565 719 domus
1586 682 1662 719 tua
1684 676 1798 719 sicut
1820 676 1975 719 domus

149 737 333 792 Phares,
356 751 487 793 quem
508 737 703 779 Thamar
723 735 894 792 peperit
915 735 1068 791 Judae,
1092 735 1146 778 de
1175 735 1343 778 semine
1372 734 1486 790 quod
1508 734 1591 778 tibi
1617 735 1789 778 dederit
1821 735 1973 778 Domi-

147 810 227 839 nus
250 811 305 839 ex
326 797 410 838 hac
434 796 594 852 puella.

208 854 243 881 ¹³
268 854 390 897 Tulit
426 854 574 909 itaque
614 856 729 898 Booz
765 854 904 909 Ruth,
943 859 988 898 et
1020 854 1194 910 accepit
1227 868 1435 907 uxorem3
1474 854 1783 910 ingressusque
1820 857 1886 896 est
1919 852 1976 896 ad

147 927 266 969 eam,
290 918 334 956 et
359 913 483 956 dedit
508 912 574 955 illi
609 913 826 956 Dominus
852 918 900 955 ut
930 912 1182 970 conciperet
1215 918 1258 956 et
1291 917 1464 969 pareret
1492 912 1646 955 filium.
1678 912 1712 938 14
1736 912 1974 955 Dixerunt-

148 986 229 1028 que
251 972 457 1015 mulieres
481 971 538 1015 ad
565 972 724 1015 Noemi
758 988 766 1016 :
795 971 1064 1015 Benedictus
1087 972 1328 1027 Dominus,
1352 970 1426 1027 qui
1448 985 1536 1014 non
1558 976 1625 1014 est
1646 985 1799 1027 passus
1829 975 1877 1012 ut
1902 970 1975 1013 de-

146 1032 297 1075 ficeret
318 1045 542 1074 successor
574 1031 764 1074 familiae
798 1036 908 1086 tuae,
943 1036 988 1074 et
1021 1035 1254 1074 vocaretur
1286 1044 1447 1074 nomen
1476 1030 1574 1086 ejus
1609 1030 1655 1072 in
1686 1029 1847 1083 Israel,
1876 1029 1911 1055 ¹5
1933 1034 1976 1072 et

146 1090 312 1133 habeas
333 1090 407 1146 qui
441 1089 691 1133 consoletur
720 1090 918 1132 animam
946 1095 1090 1146 tuam,
1127 1094 1171 1133 et
1207 1089 1402 1133 enutriat
1435 1093 1738 1142 senectutem3
1775 1087 1829 1131 de
1866 1102 1976 1130 nuru

146 1150 266 1192 enim
302 1154 380 1192 tua
408 1155 539 1192 natus
575 1154 662 1205 est,
701 1163 800 1204 quae
831 1154 874 1192 te
911 1149 1082 1206 diligit,
1116 1154 1160 1193 et
1188 1149 1328 1192 multo
1364 1148 1447 1192 tibi
1478 1148 1633 1192 melior
1668 1152 1735 1191 est
1772 1161 1904 1203 quam
1940 1147 1976 1189 si

145 1214 316 1265 septem
342 1208 527 1252 haberes
552 1208 678 1252 filios.
708 1208 744 1235 16
761 1209 1110 1265 Susceptumque
1133 1208 1293 1253 Noemi
1317 1221 1501 1264 puerum
1522 1207 1670 1265 posuit
1694 1207 1739 1249 in
1765 1206 1864 1249 sinu
1885 1220 1975 1261 suo,

146 1272 191 1310 et
215 1267 399 1311 nutricis
424 1282 477 1311 ac
503 1267 667 1323 gerulae
694 1267 970 1324 fungebatur
995 1268 1160 1312 officio.
1187 1267 1220 1294 ¹7
1250 1266 1423 1310 Vicinae
1456 1272 1607 1310 autem
1639 1265 1844 1309 mulieres
1875 1279 1977 1308 con-

147 1326 421 1382 gratulantes
455 1326 517 1382 ei,
551 1331 596 1370 et
625 1327 856 1371 dicentes:
889 1327 1031 1371 Natus
1061 1332 1128 1370 est
1153 1327 1270 1371 filius
1300 1325 1483 1381 Noemi,
1514 1330 1787 1369 vocaverunt
1815 1338 1977 1367 nomen

147 1385 244 1441 ejus
271 1385 409 1430 Obed.
437 1386 526 1429 Hic
552 1392 619 1430 est
644 1391 769 1443 pater
794 1387 906 1442 Isai,
936 1387 1075 1443 patris
1106 1386 1266 1431 David.

207 1444 241 1471 ¹⁸
272 1446 358 1488 Hae
387 1450 489 1488 sunt
517 1445 827 1501 generationes
862 1446 1059 1491 Phares:
1096 1446 1260 1489 Phares
1291 1446 1445 1502 genuit
1471 1447 1641 1500 Esron3
1669 1443 1705 1470 ¹9
1731 1444 1869 1488 Esron
1902 1458 1976 1500 ge-

147 1503 244 1547 nuit
272 1505 430 1560 Aram,
471 1505 609 1548 Aram
650 1504 806 1560 genuit
841 1504 1122 1560 Aminadab3
1162 1503 1199 1531 2⁰
1231 1504 1487 1548 Aminadab
1529 1503 1684 1560 genuit
1720 1503 1976 1557 Nahasson,

147 1562 379 1606 Nahasson
409 1563 563 1619 genuit
600 1563 806 1618 Salmon,
839 1563 873 1589 2¹
903 1563 1082 1608 Salmon
1115 1564 1271 1619 genuit
1305 1564 1441 1620 Booz,
1475 1564 1591 1607 Booz
1625 1561 1781 1619 genuit
1822 1560 1974 1616 Obed3

146 1619 183 1646 ²²
211 1621 335 1665 Obed
366 1622 520 1678 genuit
550 1622 660 1678 Isai,
689 1622 780 1665 Isai
805 1623 960 1679 genuit
987 1622 1147 1666 David.

147 1786 195 1819 12]
214 1785 291 1814 Gen.
311 1785 511 1820 XXXVIII,
527 1788 572 1814 29.
590 1799 627 1805 -
644 1786 693 1819 18]
710 1785 726 1815 Ι
744 1785 817 1813 Par.
836 1785 882 1820 ΙΙ,
896 1788 912 1813 5
929 1787 963 1813 et
980 1785 1036 1819 IV,
1051 1787 1075 1813 1.
1093 1784 1214 1813 Matth.
1234 1784 1260 1820 1,
1273 1787 1299 1813 3.

2086 859 2245 888 Nascitur

2111 903 2212 932 Obed.

2110 1451 2216 1480 David

2086 1503 2129 1524 ex
2144 1497 2237 1524 Ruth

2079 1539 2250 1569 oriundus.
