2423 3861
829 126 977 166 levum.
1014 121 1155 167 XXV,
1189 118 1323 160 5423.
1901 106 1997 149 761·

1030 227 1202 234 ..--ῌ-,.--
1207 212 1980 231 ---——-.-..-——.-——---,

166 244 380 252 -————

360 305 378 329 5
399 304 507 353 Qua}
529 302 575 344 in
600 302 834 358 juventute
856 302 931 339 tua
958 309 1042 337 11011
1069 288 1348 345 congregasti

462 360 678 417 quomodo
704 358 749 400 iu
774 360 1001 400 senectute
1023 359 1100 395 tua
1123 346 1353 393 invenies?

360 422 380 447 ⁶
401 426 543 471 Quam
568 418 815 475 speciosum
841 413 1019 458 canitiei
1043 409 1280 467 judicium,

465 484 510 522 ct
534 477 801 535 presbyteris
828 485 1091 526 cognoscere
1117 465 1370 511 eonsilium!

401 539 543 589 Quam
570 535 768 593 speciosa
793 531 1013 576 veteranis
1038 526 1276 584 sapientia,

464 603 508 640 et
533 594 735 652 gloriosis
760 591 1011 635 intellectus
1036 595 1081 630 et
1103 583 1355 627 consilium!

365 660 380 683 s
403 657 574 700 Corona
601 667 756 697 senum
783 651 922 693 inulta
945 646 1123 704 peritia,

464 713 677 770 etgloria
698 711 875 753 illorum
901 707 1033 749 timor
1056 704 1152 747 Dei.

367 776 384 802 ²³
408 775 580 819 Novem
604 767 941 826 insuspicabilia
968 763 1111 807 cordis
1133 759 1444 815 1nagnifieavi3
2068 756 2186 784 Decem
2221 760 2307 781 com-

468 838 513 876 et
537 830 760 875 decimum
787 827 933 870 dicam
958 825 1004 866 11]
1026 823 1179 875 lingna
1204 818 1485 863 hominibus:
2093 797 2286 827 mandanda.

352 894 385 920 111
409 894 555 936 Homo
582 889 656 945 qui
679 885 949 945 jucundatur
971 884 1018 925 in
1043 881 1167 935 filiis,

468 951 623 994 vivens
650 954 694 991 et
719 946 874 989 videns
900 941 1230 985 subversionem
1258 937 1537 979 inimicorum
1564 946 1753 975 suorum.

353 1012 383 1038 ¹¹
411 1012 575 1053 Beatus
596 1007 670 1064 qui
696 1005 871 1049 habitat
897 1017 997 1046 cum
1021 999 1205 1043 muliere
1232 1003 1429 1052 sensata,

437 1072 439 1075 ’
469 1075 513 1112 et
539 1067 611 1124 qui
635 1066 788 1121 lingua
813 1078 893 1107 sua
916 1076 1003 1105 non
1029 1065 1096 1104 est
1120 1058 1289 1116 lapsus,

471 1134 516 1172 et
540 1127 615 1183 qui
640 1140 727 1170 non
753 1122 938 1168 servivit
963 1119 1161 1175 indignis
1185 1131 1245 1161 se.

354 1189 389 1216 ¹2
412 1191 575 1232 Beatus
601 1185 676 1242 qui
703 1183 874 1227 invenit
903 1181 1099 1224 amicum
1124 1190 1299 1231 verum,

473 1253 518 1290 et
542 1247 615 1303 qui
642 1248 818 1289 enarrat
843 1240 1066 1298 justitiam
1090 1236 1186 1280 auri
1207 1232 1420 1279 audienti.

355 1307 389 1334 ¹3
410 1307 553 1358 Quam
576 1318 766 1361 magnus
789 1303 861 1358 qui
887 1299 1058 1343 invenit
1079 1295 1345 1353 sapientiam
1371 1298 1414 1336 et
1439 1288 1694 1335 scientiam!

472 1366 549 1410 sed
571 1379 660 1408 non
687 1368 752 1407 est
775 1375 904 1418 super
924 1359 1158 1402 timentem
1185 1352 1440 1399 Dominum.

421 1426 452 1453 ¹¹¹
475 1425 626 1469 Timor
653 1423 736 1466 Dei
763 1435 893 1477 super
919 1417 1066 1461 omnia
1093 1430 1138 1459 se
1164 1411 1454 1470 superposuit.

359 1486 394 1512 15·
416 1487 582 1528 Beatus
608 1484 739 1525 homo
763 1480 833 1523 cui
860 1479 1074 1522 donatum
1099 1480 1166 1518 est
1186 1472 1348 1516 habere
1373 1470 1577 1512 timorem
1602 1465 1683 1509 Dei
1707 1481 1715 1508 :

477 1543 550 1599 qui
579 1546 700 1586 tenet
724 1540 853 1582 illum
880 1537 950 1580 cui
973 1530 1320 1578 assimilabitur?

359 1605 394 1631 ¹⁶
415 1603 569 1647 Timor
595 1600 677 1644 Dei
698 1598 877 1642 initium
905 1593 1157 1639 dilectionis
1184 1591 1304 1646 ejus,

476 1661 581 1705 fidei
606 1665 756 1703 autem
782 1656 961 1700 initium
986 1649 1362 1709 agglutinandum
1388 1653 1456 1691 est
1480 1647 1533 1689 ei.

362 1723 394 1750 ¹⁷
418 1721 572 1766 Omnis
598 1720 733 1777 plaga
755 1715 941 1760 tristitia
968 1713 1111 1756 cordis
1136 1715 1222 1765 est,
2145 1698 2267 1728 Mulier

479 1787 524 1824 et
549 1779 692 1824 omnis
720 1776 892 1820 malitia
917 1771 1118 1829 nequitia
1143 1769 1354 1813 mulieris.
2097 1743 2311 1816 ”effiaasfffnfm

363 1843 396 1869 ¹⁴3
420 1843 478 1885 Et
503 1853 680 1884 omnem
702 1837 904 1894 plagam,
932 1838 974 1877 et
999 1846 1087 1875 non
1112 1830 1294 1887 plagam
1315 1826 1488 1870 videbit
1514 1823 1681 1869 cordis:
2109 1831 2304 1869 pessimum.

426 1902 460 1927 19
481 1906 526 1944 et
551 1912 725 1942 omnem
752 1894 1016 1951 nequitiam,
1037 1896 1081 1934 et
1106 1904 1193 1932 non
1217 1887 1466 1943 nequitiam
1486 1881 1684 1926 mulieris
1705 1899 1712 1935 ς

422 1961 460 1987 '20
481 1964 526 2004 et
550 1971 728 2002 omnem
752 1955 1016 2007 obductum,
1041 1955 1085 1994 et
1109 1963 1206 1992 non-
1224 1948 1466 1991 obductum
1492 1941 1762 1992 odientium3

424 2020 458 2046 '2¹
482 2025 526 2062 et
552 2031 728 2061 omnem
753 2013 1020 2067 vindictam,
1048 2015 1091 2053 et
1116 2022 1204 2050 non
1229 2006 1477 2050 vindictam
1496 2001 1794 2045 inimicorum.

365 2080 403 2108 Ἠ
427 2080 528 2123 Non
555 2082 622 2121 est
646 2079 781 2133 caput
805 2072 991 2128 nequius
1013 2083 1143 2126 super
1169 2071 1303 2123 eaput
1328 2063 1516 2119 colubri,

426 2139 464 2165 '2³³
485 2144 529 2182 et
551 2151 639 2180 non
665 2139 732 2178 est
755 2134 820 2176 ira
845 2146 975 2188 super
998 2130 1111 2173 iram
1137 2125 1348 2169 mulieris.

426 2195 701 2243 Commorari
726 2192 844 2236 leoni
867 2196 911 2234 et
936 2187 1117 2233 draconi
1142 2184 1359 2243 placebit,
1424 2236 1426 2238 ·

487 2266 623 2313 'quam
646 2252 849 2297 habitare
876 2264 977 2293 cum
1002 2247 1187 2290 muliere
1208 2258 1413 2300 nequam.

370 2315 408 2343 Ἃ
430 2315 641 2372 Nequitia
670 2310 865 2355 mulieris
886 2309 1097 2351 immutat
1122 2304 1288 2347 faeiem
1315 2302 1438 2358 ejus,

494 2381 539 2419 et
561 2374 759 2417 obcaecat
780 2369 954 2412 vultum
980 2381 1108 2409 suum
1133 2370 1345 2418 tanquam
1371 2375 1517 2415 ursus,

493 2442 537 2478 et
559 2432 684 2489 quasi
707 2443 887 2474 saccum
913 2425 1117 2471 ostendit.

436 2497 489 2547 In
516 2492 662 2536 medio
684 2489 985 2547 proximorum
1011 2485 1108 2540 ejus
1133 2483 1170 2508 '2⁵
1187 2479 1406 2537 ingemuit
1433 2479 1500 2520 vir
1525 2475 1644 2532 ejus,

495 2559 538 2597 et
563 2551 748 2594 audiens
774 2545 1015 2604 suspiravit
1037 2542 1274 2586 modicum.

376 2615 412 2641 2⁶
435 2613 590 2657 Brevis
613 2609 758 2653 omnis
783 2605 958 2650 malitia
982 2617 1112 2660 super
1133 2600 1354 2644 malitiam
1376 2593 1598 2649 mulieris,

497 2686 590 2715 sors
616 2674 900 2727 peecatorum
926 2663 1057 2707 eadat
1078 2674 1207 2718 super
1231 2658 1370 2701 illam.

376 2733 411 2760 ‘²7
436 2732 559 2777 Sicut
581 2742 791 2773 ascensus
814 2738 1021 2768 arenosus
1043 2722 1089 2763 in
1116 2718 1302 2776 pedibus
1328 2713 1543 2768 veterani,

497 2791 559 2834 sic
586 2788 745 2832 mulier
771 2787 971 2840 linguata
998 2779 1166 2824 homini
1190 2778 1350 2833 quieto.

379 2852 416 2878 '2⁸
440 2852 507 2895 Ne
532 2848 744 2906 respicias
770 2847 815 2888 in
840 2841 1037 2886 mulieris
1059 2839 1275 2895 speciem,

501 2916 545 2954 et
570 2923 658 2952 non
685 2905 971 2961 concupiscas
997 2898 1227 2942 mulierem
1251 2895 1299 2937 in
1325 2892 1486 2950 8116616.

381 2971 419 2997 29
442 2968 641 3014 Mulieris
664 2967 748 3021 ira,
773 2970 817 3008 et
840 2957 1149 3013 irreverentia,

502 3034 546 3073 et
567 3026 771 3071 confusio
795 3035 971 3078 magna.

381 3089 421 3116 ³⁰
443 3088 605 3132 Mulier
629 3086 665 3129 si
691 3085 933 3142 primatum
958 3079 1141 3132 habeat,

505 3145 726 3191 contraria
749 3149 814 3187 est
837 3142 928 3183 viro
956 3153 1048 3182 suo.

385 3208 421 3234 '³¹
445 3207 531 3250 Cor
555 3204 745 3259 humile,
769 3207 814 3246 et
838 3200 978 3244 facies
1003 3196 1161 3251 tristis,

508 3271 552 3309 et
573 3264 708 3322 plaga
733 3261 896 3316 cordis,
924 3257 1082 3301 mulier
1106 3267 1309 3310 nequam.

388 3326 427 3353 32
446 3326 608 3369 Manus
633 3322 803 3366 debiles
825 3326 870 3364 et
891 3331 1035 3374 genna
1057 3313 1294 3366 dissoluta,

480 3383 639 3427 mulier
665 3396 763 3438 quae
787 3394 876 3423 non
903 3375 1129 3420 beatificat
1154 3372 1299 3415 virum
1326 3384 1466 3412 suum.

390 3445 429 3472 33
448 3445 491 3488 A
516 3442 701 3486 muliere
721 3439 900 3483 initium
928 3437 1101 3478 factum
1129 3436 1196 3475 est
1214 3429 1409 3487 peccati,

216 3607 265 3640 11]
283 3605 349 3633 Ins.
368 3604 493 3638 XXVI,
512 3606 537 3631 1.
555 3602 632 3633 sup.
651 3598 744 3633 XIV,
764 3600 775 3624 1
795 3599 828 3624 et
848 3595 943 3623 XIX.
966 3597 1004 3620 111,
1027 3592 1098 3617 Ᾰιιυ.
1120 3589 1183 3623 ΙΙΙ,
1201 3591 1226 3615 2.
1251 3601 1286 3605 —<
1311 3587 1359 3618 33]
1379 3585 1474 3612 Prov.
1494 3583 1588 3616 XXI,
1609 3584 1649 3608 111.
1675 3595 1709 3598 -
1734 3579 1780 3611 es]
1803 3576 1868 3604 Inf.
1887 3573 2003 3608 XLII,
2022 3574 2049 3600 6.

214 3665 255 3671 --
268 3650 320 3681 33]
337 3649 415 3678 Gen.
436 3648 502 3682 ΠΙ,
519 3651 544 3675 ¹3.
1758 3646 1760 3648 .
