2456 3861
681 158 761 199 Ex,
796 157 955 212 XVII,
994 158 1040 198 11
1077 183 1135 188 —
1166 157 1352 212 XVIII,
1387 159 1456 201 26.
1919 160 1973 203 69

155 327 186 353 11
214 328 408 381 Cumque
434 326 602 369 levaret
631 326 807 382 Moyses
832 340 1008 375 manus,
1031 325 1242 369 vincebat
1276 326 1440 381 Israel;
1473 326 1540 368 sin
1569 332 1718 369 autem
1745 327 1974 383 paululum

153 384 413 439 remisisset,
440 385 678 441 superabat
707 384 907 428 Amalec.
947 384 978 410 ¹²
1001 385 1159 427 Manus
1184 390 1331 428 autem
1369 385 1511 442 Moysi
1537 391 1662 428 erant
1687 400 1873 441 graves3
1904 401 1974 429 su-

153 449 321 486 mentes
342 442 477 499 igitur
500 443 712 499 lapidem,
732 449 971 499 posuerunt
988 443 1138 486 subter
1160 458 1280 498 eum,
1304 443 1349 486 in
1372 458 1457 500 quo
1482 444 1596 488 sedit
1622 462 1630 488 :
1655 447 1802 487 Aaron
1825 450 1974 488 autem

147 508 194 545 et
231 503 328 545 Hur
360 502 673 545 sustentabant
708 516 864 544 manus
897 503 994 558 ejus
1035 516 1090 545 ex
1129 508 1310 557 utraque
1348 509 1484 559 parte.
1526 504 1582 546 Et
1617 504 1791 546 factum
1825 509 1891 547 est
1927 510 1975 547 ut

150 575 304 604 manus
326 561 445 604 illius
467 575 554 604 non
576 560 844 603 lassarentur
869 575 1003 616 usque
1026 561 1081 603 ad
1110 575 1313 603 occasum
1336 562 1453 605 solis.
1481 563 1513 588 ¹³
1536 563 1816 619 Fugavitque
1838 564 1973 606 ‹Josue

150 620 354 674 Amalec,
393 625 438 663 et
472 619 683 675 populum
719 619 816 674 ejus
855 618 899 660 in
941 633 1012 662 ore
1045 619 1197 674 gladii.
1240 619 1271 645 11
1307 620 1433 663 Dixit
1468 627 1617 664 autem
1661 622 1877 665 Dominus
1916 622 1972 665 ad

149 679 332 735 Moysen
363 695 370 722 :
406 678 554 722 Scribe
577 678 659 720 hoc
685 678 739 720 ob
770 683 1105 719 monumentum
1139 678 1184 719 in
1218 677 1350 729 libro,
1377 685 1421 722 et
1451 681 1574 723 trade
1599 680 1779 724 auribus
1805 682 1969 736 Josue,·

145 737 303 780 delebo
321 737 439 780 enim
461 736 719 779 memoriam
738 736 923 778 Amalec
941 736 1022 778 sub
1045 736 1167 780 caelo.
1196 736 1228 762 ¹⁵
1244 737 1588 794 AEdifieavitque
1609 741 1784 795 Moyses
1805 740 1969 795 altare;

144 801 191 838 et
215 795 393 839 vocavit
419 809 577 838 nomen
604 794 723 850 ejus,
753 794 968 837 Dominus
999 794 1214 837 exaltatio
1241 810 1360 850 mea,
1388 797 1539 839 dicens
1569 814 1577 840 :
1616 798 1648 823 ¹⁰
1675 799 1784 849 Quia
1816 813 1973 841 manus

146 854 244 897 solii
283 853 483 909 Domini,
519 853 762 896 etbellum
797 853 977 896 Domini
1010 853 1093 896 erit
1126 858 1279 896 contra
1314 855 1520 910 Amalec,
1555 870 1581 897 a
1614 857 1900 912 generatione
1926 858 1973 900 in

144 912 491 969 generationem.

204 973 308 1016 CAP.
337 972 514 1017 XVIII.
539 997 596 1005 —
625 972 634 997 ¹
660 972 856 1027 Cumque
878 971 1075 1015 audisset
1097 972 1276 1028 Jethro,
1300 973 1504 1017 sacerdos
1531 974 1734 1030 Madian,
1759 980 1973 1031 cognatus

146 1030 308 1087 Moysi,
342 1030 490 1074 omnia
515 1045 614 1086 quae
647 1031 819 1074 fecerat
853 1032 972 1074 Deus
996 1031 1159 1087 Moysi,
1187 1036 1232 1074 et
1264 1032 1420 1075 Israeli
1453 1033 1616 1089 populo
1649 1048 1748 1087 suo,
1780 1039 1824 1076 et
1857 1034 1973 1090 quod

141 1089 369 1133 eduxisset
404 1089 620 1132 Dominus
646 1090 785 1132 Israel
819 1090 873 1133 de
899 1091 1120 1147 AEgypto,
1155 1089 1172 1115 “2
1198 1091 1303 1133 tulit
1337 1092 1576 1147 Sephoram
1609 1106 1792 1135 uxorem
1830 1092 1974 1149 Moysi

141 1163 275 1204 quam
308 1148 556 1205 remiserat,
587 1149 604 1176 ²³
626 1154 671 1192 et
696 1149 803 1192 duos
836 1149 950 1192 filios
983 1149 1101 1205 ejus,
1136 1163 1320 1205 quorum
1353 1165 1464 1193 unus
1499 1151 1743 1193 vocabatur
1765 1153 1971 1207 Gersam,

143 1207 318 1251 dicente
343 1212 467 1264 patre
498 1225 505 1252 ;
541 1209 729 1252 Advena
762 1208 831 1250 fui
863 1209 910 1251 in
942 1213 1058 1251 terra
1083 1209 1259 1264 aliena3
1296 1209 1313 1235 4
1334 1210 1446 1252 alter
1475 1224 1577 1253 vero
1608 1209 1780 1253 Eliezer
1810 1227 1818 1254 :
1855 1212 1974 1254 Deus

140 1266 282 1321 enim,
316 1267 399 1323 ait,
433 1267 573 1323 patris
605 1267 692 1310 mei
728 1267 908 1323 adjutor
943 1282 1087 1323 meus,
1123 1273 1168 1311 et
1200 1268 1315 1311 eruit
1347 1283 1416 1311 me
1451 1268 1504 1312 de
1539 1269 1689 1325 gladio
1716 1269 1972 1313 Pharaonis.

141 1326 160 1352 ⁵
178 1326 314 1369 Venit
331 1341 434 1382 ergo
453 1327 610 1369 Jethro
633 1332 849 1382 cognatus
868 1327 1032 1383 Moysi,
1053 1332 1096 1370 et
1117 1327 1197 1370 filii
1220 1327 1339 1384 ejus,
1359 1332 1404 1370 et
1429 1342 1539 1370 uxor
1564 1327 1683 1384 ejus,
1706 1328 1762 1371 ad
1790 1330 1974 1385 Moysen

142 1385 186 1427 in
218 1385 462 1439 desertum,
489 1385 565 1427 ubi
590 1390 685 1428 erat
710 1390 1049 1429 castrametatus
1078 1386 1209 1441 juxta
1241 1391 1439 1430 montem
1476 1387 1587 1442 Dei3
1622 1387 1640 1414 6
1665 1393 1709 1431 et
1741 1388 1974 1431 mandavit

142 1444 306 1500 Moysi,
334 1444 484 1487 dicens
511 1461 519 1488 :
555 1445 651 1500 Ego
685 1445 841 1487 Jethro
875 1449 1091 1500 cognatus
1124 1450 1226 1488 tuus
1259 1445 1390 1488 venio
1419 1446 1473 1488 ad
1501 1451 1566 1501 te,
1591 1451 1637 1489 et
1667 1461 1775 1489 uxor
1803 1452 1900 1502 tua,
1929 1452 1975 1490 et

139 1503 227 1546 duo
252 1502 333 1545 filii
354 1502 420 1545 tui
445 1517 546 1545 cum
571 1517 637 1547 ea.
671 1502 686 1529 ⁷
710 1503 791 1554 Qui
814 1517 1014 1559 egressus
1037 1503 1081 1546 in
1109 1518 1340 1547 occursum
1363 1505 1543 1560 cognati
1570 1505 1656 1557 sui,
1685 1505 1906 1562 adoravit,
1931 1511 1975 1550 et

140 1562 363 1605 osculatus
395 1567 462 1605 est
494 1577 622 1616 eum;
658 1562 1052 1618 salutaveruntque
1084 1577 1131 1606 se
1164 1568 1318 1607 mutuo
1352 1564 1499 1606 verbis
1531 1564 1741 1620 pacificis.
1777 1565 1973 1620 Cumque

138 1621 348 1663 intrasset
369 1621 727 1677 tabernaculum,
750 1621 768 1648 8
785 1621 983 1664 narravit
1002 1623 1176 1679 Moyses
1200 1627 1390 1679 cognato
1409 1637 1487 1666 suo
1507 1629 1667 1666 cuncta
1685 1638 1785 1679 quae
1804 1624 1975 1667 fecerat

142 1680 358 1723 Dominus
381 1680 621 1735 Pharaoni,
645 1685 691 1724 et
714 1681 945 1737 AEgyptiis
977 1686 1156 1738 propter
1182 1682 1321 1725 Israel
1341 1700 1349 1737 ;
1386 1682 1728 1738 universumque
1753 1683 1972 1739 laborem,

137 1739 213 1794 qui
246 1738 482 1782 accidisset
507 1739 570 1782 eis
603 1739 649 1782 in
681 1739 860 1795 itinere,
895 1745 940 1783 et
971 1741 1088 1796 quod
1113 1740 1381 1784 liberaverat
1414 1756 1488 1785 eos
1522 1742 1753 1786 Dominus.
1789 1742 1806 1768 9
1828 1743 1974 1785 Laeta-

138 1802 294 1854 tusque
317 1803 385 1841 est
406 1799 563 1842 Jethro
588 1813 718 1855 super
744 1799 948 1842 omnibus
978 1799 1126 1854 bonis,
1154 1814 1253 1855 quae
1275 1801 1447 1844 fecerat
1475 1801 1692 1844 Dominus
1719 1801 1895 1858 Israeli,
1923 1816 1975 1845 eo

137 1858 253 1913 quod
272 1857 456 1901 eruisset
478 1872 579 1901 eum
605 1858 658 1901 de
681 1873 816 1901 manu
837 1859 1176 1915 AEgyptiorum,
1205 1859 1240 1886 '¹⁰
1259 1864 1303 1903 et
1327 1860 1391 1902 ait
1416 1877 1424 1904 :
1451 1860 1718 1904 Benedictus
1743 1860 1972 1917 Dominus,

136 1916 213 1972 qui
238 1916 447 1960 liberavit
470 1931 548 1960 vos
575 1917 629 1960 de
651 1932 786 1960 manu
808 1918 1146 1974 AEgyptiorum,
1174 1924 1219 1962 et
1241 1919 1294 1962 de
1321 1934 1456 1962 manu
1484 1920 1740 1976 Pharaonis,
1761 1919 1835 1975 qui
1861 1920 1976 1963 eruit

137 1976 351 2032 populum
376 1990 506 2019 suum
531 1976 585 2020 de
604 1991 738 2019 manu
756 1978 960 2034 AEgypti.
985 1977 1017 2003 ¹¹
1040 1979 1169 2021 Nunc
1188 1979 1398 2034 cognovi,
1419 1979 1523 2034 quia
1542 1993 1731 2035 magnus
1757 1979 1974 2023 Dominus

137 2048 268 2090 super
293 2049 445 2079 omnes
469 2035 593 2090 deos,
621 2050 671 2079 eo
701 2037 818 2091 quod
847 2037 1034 2093 superbe
1061 2037 1235 2093 egerint
1269 2042 1421 2081 contra
1454 2038 1568 2082 illos.
1605 2038 1641 2064 ‘¹2
1663 2038 1837 2082 Obtulit
1870 2053 1973 2095 ergo

138 2094 294 2137 Jethro
317 2099 532 2150 cognatus
558 2096 702 2152 Moysi
728 2095 987 2139 holocausta
1016 2101 1060 2139 et
1084 2097 1251 2140 hostias
1275 2098 1397 2152 Deo3
1426 2102 1728 2154 veneruntque
1755 2099 1906 2141 Aaron
1929 2102 1975 2141 et

137 2167 289 2196 omnes
311 2153 505 2197 seniores
531 2154 690 2211 Israel,
713 2159 764 2197 ut
789 2155 1072 2199 comederent
1096 2170 1258 2212 panem
1284 2170 1385 2199 cum
1411 2171 1461 2200 eo
1490 2171 1638 2200 coram
1667 2158 1774 2201 Deo.

199 2212 233 2238 ¹3
255 2213 410 2255 Altera
434 2218 585 2255 autem
607 2213 678 2256 die
704 2213 819 2257 sedit
849 2215 1025 2271 Moyses
1051 2220 1101 2257 ut
1124 2215 1348 2271 judicaret
1378 2216 1612 2273 populum,
1635 2216 1709 2272 qui
1735 2217 1974 2261 assistebat

138 2271 281 2328 Moysi
303 2286 331 2314 a
356 2286 486 2315 mane
519 2286 656 2328 usque
681 2273 738 2316 ad
763 2287 1008 2330 vesperam.
1045 2274 1080 2300 ¹4
1103 2275 1227 2326 Quod
1262 2289 1364 2317 cum
1388 2275 1575 2319 vidisset
1608 2281 1824 2332 cognatus
1850 2276 1971 2333 ejus,

137 2330 287 2373 omnia
319 2330 492 2374 scilicet
524 2346 622 2387 quae
656 2332 820 2388 agebat
851 2333 899 2374 in
930 2333 1115 2390 populo,
1146 2334 1210 2376 ait
1238 2350 1248 2378 t
1283 2334 1398 2385 Quid
1427 2340 1494 2378 est
1525 2336 1608 2378 hoc
1641 2335 1757 2392 quod
1786 2336 1901 2379 facis
1925 2336 1974 2379 in

137 2389 302 2446 plebe?
331 2404 408 2432 cur
432 2390 550 2433 solus
581 2391 728 2447 sedes,
753 2396 797 2435 et
819 2392 962 2434 omnis
983 2393 1171 2449 populus
1204 2394 1488 2450 praestolatur
1519 2394 1571 2437 de
1599 2409 1729 2438 mane
1755 2410 1891 2451 usque
1916 2394 1973 2438 ad

138 2449 402 2505 vesperam?
438 2449 471 2475 15
497 2450 577 2494 Cui
600 2451 829 2506 respondit
855 2452 1030 2507 Moyses
1059 2469 1067 2495 :
1103 2452 1242 2495 Venit
1265 2452 1323 2495 ad
1344 2468 1414 2496 me
1439 2453 1628 2510 populus
1650 2468 1852 2509 quaerens
1877 2468 1973 2497 sen-

137 2507 327 2550 tentiam
355 2508 452 2552 Dei.
490 2508 523 2535 16
554 2510 753 2565 Cumque
787 2510 1001 2553 acciderit
1030 2511 1093 2554 eis
1122 2511 1273 2567 aliqua
1295 2512 1581 2569 disceptatio,
1608 2513 1796 2556 veniunt
1819 2513 1877 2556 ad
1902 2527 1972 2557 me

138 2572 187 2610 ut
209 2566 410 2622 judicem
434 2567 552 2611 inter
573 2582 666 2625 eos,
687 2574 732 2612 et
754 2569 986 2612 ostendam
1008 2575 1232 2627 praecepta
1255 2571 1360 2627 Dei,
1380 2576 1425 2615 et
1445 2572 1567 2628 leges
1589 2571 1700 2628 ejus.
1730 2571 1762 2598 ¹⁷
1782 2573 1845 2615 At
1865 2572 1940 2615 ille
1961 2589 1970 2616 :

138 2626 239 2668 Non
264 2625 447 2683 bonam,
481 2627 648 2684 inquit,
675 2643 769 2671 rem
794 2629 928 2684 facis3
966 2628 1001 2655 '¹8
1024 2629 1160 2673 stulto
1190 2629 1340 2673 labore
1366 2631 1637 2674 consumeris
1667 2635 1713 2674 et
1733 2636 1803 2687 tu,
1827 2636 1872 2675 et
1896 2645 1971 2688 po-

137 2685 266 2741 pulus
302 2685 386 2729 iste
421 2686 495 2741 qui
521 2691 670 2729 tecum
696 2693 762 2730 est
783 2705 791 2743 3
816 2688 932 2730 ultra
958 2688 1072 2731 vires
1097 2694 1197 2732 tuas
1220 2695 1287 2732 est
1319 2690 1562 2746 negotium,
1590 2689 1708 2733 solus
1739 2690 1850 2734 illud
1884 2705 1972 2734 non

137 2744 302 2800 poteris
343 2745 574 2790 sustinere.
614 2746 651 2772 ‘¹9
676 2747 760 2791 Sed
797 2747 900 2790 audi
937 2748 1074 2790 verba
1111 2763 1211 2792 mea
1247 2754 1379 2805 atque
1417 2749 1624 2805 consilia,
1658 2755 1704 2793 et
1735 2749 1819 2793 erit
1854 2751 1971 2794 Deus

137 2808 300 2847 tecum.
335 2805 442 2847 Esto
475 2810 524 2848 tu
548 2806 710 2863 populo
734 2807 780 2849 in
812 2807 881 2849 his
914 2821 1012 2862 quae
1038 2807 1094 2850 ad
1131 2809 1276 2851 Deum
1307 2808 1552 2865 pertinent,
1590 2814 1640 2852 ut
1671 2809 1840 2852 referas
1873 2823 1971 2865 quae

139 2861 344 2905 dicuntur
376 2863 434 2906 ad
470 2878 599 2920 eum;
635 2864 672 2892 2⁰
697 2866 990 2922 ostendasque
1023 2867 1186 2923 populo
1223 2867 1496 2911 ceremonias
1530 2873 1574 2912 et
1606 2868 1742 2911 ritum
1775 2868 1970 2924 colendi,

137 2921 345 2977 viamque
366 2937 444 2979 per
466 2937 599 2979 quam
623 2924 799 2981 ingredi
826 2925 1040 2982 debeant,
1063 2931 1108 2969 et
1133 2941 1241 2983 opus
1263 2927 1378 2982 quod
1403 2927 1554 2971 facere
1580 2927 1786 2971 debeant.
1809 2926 1843 2954 2¹
1868 2928 1971 2971 Pro-

138 2980 241 3024 vide
266 2986 417 3025 autem
451 2982 506 3025 de
533 2983 652 3026 omni
686 2984 815 3041 plebe
840 2984 957 3028 viros
990 2990 1194 3042 potentes
1224 2991 1268 3029 et
1300 2986 1509 3030 timentes
1543 2988 1707 3043 Deum,
1741 2987 1788 3029 in
1814 2987 1971 3042 quibus

138 3039 196 3082 sit
220 3040 405 3097 veritas,
425 3047 470 3085 et
494 3043 568 3098 qui
595 3043 768 3086 oderint
792 3044 1053 3100 avaritiam,
1083 3049 1127 3088 et
1152 3045 1371 3089 constitue
1398 3060 1454 3089 ex
1478 3046 1540 3090 eis
1565 3045 1785 3102 tribunos,
1805 3051 1850 3089 et
1871 3060 1971 3089 cen-

139 3099 354 3156 turiones,
378 3105 423 3143 et
447 3102 870 3159 quinquagenarios,
897 3108 942 3146 et
967 3104 1178 3161 decanos,
1213 3103 1250 3130 2‘2
1271 3105 1344 3160 qui
1373 3104 1578 3161 judicent
1608 3104 1822 3162 populum
1851 3105 1970 3148 omni

138 3162 366 3214 tempore,
407 3160 620 3216 quidquid
652 3167 803 3205 autem
835 3162 982 3219 majus
1014 3163 1174 3220 fuerit,
1200 3164 1400 3207 referant
1427 3164 1485 3207 ad
1513 3170 1578 3221 te,
1613 3169 1658 3207 et
1688 3163 1773 3220 ipsi
1800 3164 1971 3207 minora

139 3219 449 3262 tantummodo
469 3218 702 3276 judicent3
730 3221 957 3277 leviusque
982 3222 1041 3266 sit
1061 3222 1165 3278 tibi,
1188 3223 1352 3280 partito
1373 3223 1421 3266 in
1443 3223 1554 3267 alios
1580 3237 1724 3267 onere.
1755 3222 1793 3249 2³
1819 3223 1862 3267 Si
1888 3223 1970 3265 hoc

139 3276 324 3333 feceris,
352 3277 561 3334 implebis
585 3279 823 3336 imperium
849 3280 952 3337 Dei,
975 3286 1020 3325 et
1048 3287 1274 3339 praecepta
1307 3282 1404 3339 ejus
1428 3283 1593 3340 poteris
1622 3286 1898 3337 sustentare;
1925 3286 1970 3324 et

139 3336 282 3379 omnis
308 3336 381 3379 hic
406 3338 594 3395 populus
630 3344 874 3383 revertetur
906 3339 963 3383 ad
999 3341 1097 3384 loca
1126 3355 1204 3384 sua
1238 3356 1339 3384 cum
1372 3356 1496 3399 pace.
1529 3341 1566 3368 24
1588 3341 1754 3392 Quibus
1781 3340 1966 3395 auditis,

141 3394 316 3451 Moyses
349 3395 462 3439 fecit
493 3397 644 3441 omnia
676 3413 772 3454 quae
797 3398 873 3442 ille
906 3405 1202 3456 suggesserat.
1236 3399 1273 3427 25
1295 3402 1353 3444 Et
1378 3401 1530 3444 electis
1559 3400 1665 3443 viris
1698 3399 1888 3443 strenuis
1914 3399 1968 3442 de

142 3459 301 3497 cuncto
334 3455 494 3512 Israel,
522 3457 755 3500 constituit
779 3471 853 3501 eos
883 3457 1106 3515 principes
1138 3459 1311 3516 populi,
1346 3460 1566 3515 tribunos,
1598 3463 1643 3502 et
1668 3458 1966 3515 centuriones,

141 3515 188 3554 et
206 3513 627 3573 quinquagenarios,
654 3521 698 3560 et
720 3516 922 3561 decanos.
945 3517 982 3544 ⁹²⁶
1003 3518 1083 3569 Qui
1109 3518 1374 3574 judicabant
1399 3519 1575 3575 plebem
1602 3517 1720 3561 omni
1742 3521 1964 3575 tempore;

141 3655 173 3689 3]
194 3655 271 3689 sup.
290 3658 335 3693 11,
351 3660 396 3688 22,
420 3673 457 3679 -
480 3660 528 3694 11]
547 3660 623 3692 Sup.
646 3661 672 3696 1,
691 3663 724 3688 14
746 3663 781 3688 et
798 3661 837 3696 V,
856 3662 870 3689 7
888 3663 923 3689 et
937 3661 978 3697 X,
994 3664 1027 3689 10
1044 3665 1079 3689 et
1097 3662 1188 3697 XIV,
1205 3665 1231 3690 8.
1253 3676 1288 3680 -
1310 3663 1357 3696 18]
1381 3663 1478 3690 Deut.
1494 3662 1520 3697 Ι,
1535 3664 1579 3690 12.

2102 987 2222 1015 Jethro

2059 1032 2195 1064 Moysen
2214 1031 2262 1059 in-

2116 1074 2206 1102 visit.

2050 2223 2270 2253 constituun-

2057 2272 2114 2296 tur
2129 2268 2262 2303 judices

2100 2312 2224 2346 populi.
