2456 3861
163 369 273 398 Saulis
286 373 403 401 votum

180 413 389 447 intempesti-

239 465 328 487 vum.

187 1296 366 1325 Peccatum

218 1341 342 1373 populi.

193 1955 359 1984 Jonathas

156 1998 215 2027 vix
243 2007 261 2027 a
290 2007 329 2027 1111
338 2003 396 2029 »rte

189 2042 364 2072 liberatur.

162 3550 403 3583 compendium

175 3601 390 3622 summarium

232 3637 328 3670 regni

469 173 554 216 266
1122 168 1144 210 Ι
1180 169 1290 210 Rae.
1325 167 1451 220 XIV,
1485 167 1649 208 24-47.

527 342 563 368 ‘2²
588 344 643 384 Et
667 340 751 382 viri
773 339 912 382 Israel
937 337 1091 381 sociati
1122 342 1223 379 sunt
1249 335 1332 379 sibi
1365 336 1412 378 in
1438 336 1509 379 die
1539 335 1640 389 illa3
1673 334 1901 390 adjuravit
1926 343 2076 378 autem
2096 338 2201 381 Saul
2225 352 2301 395 po—

467 402 642 459 pulum,
670 399 821 441 dicens
849 414 857 441 :
883 396 1149 440 Maledictus
1175 396 1242 437 vir
1267 395 1341 450 qui
1365 394 1606 437 comederit
1633 408 1794 450 panem
1816 408 1952 450 usque
1973 395 2031 437 ad
2057 410 2299 453 vesperam,

469 461 607 503 donec
642 458 833 500 ulciscar
865 457 919 499 de
953 455 1146 498 inimicis
1171 454 1295 497 meis.
1327 455 1384 497 Et
1420 468 1509 496 non
1538 453 1831 496 manducavit
1863 453 2094 496 universus
2115 456 2301 511 populus

467 532 640 575 panem.
664 516 700 543 25
723 518 950 571 Omneque
971 520 1099 558 terrae
1129 514 1290 570 vulgus
1312 513 1435 556 venit
1459 513 1506 555 in
1529 513 1717 567 saltum,
1750 513 1798 555 in
1823 527 1908 568 quo
1937 517 2032 556 erat
2060 513 2148 556 mel
2173 528 2304 570 super

466 578 633 620 faciem
665 576 776 632 agri.
805 575 841 602 '26
867 576 1101 630 Ingressus
1138 579 1205 617 est
1240 573 1390 629 itaque
1422 572 1611 629 populus
1637 572 1826 627 saltum,
1853 578 1896 615 et
1922 572 2128 628 apparuit
2160 572 2300 616 fluens

467 636 577 690 mel3
601 636 839 690 nullusque
867 634 1085 691 applicuit
1118 647 1300 675 manum
1323 632 1381 674 ad
1403 646 1449 675 os
1474 646 1623 687 suum,
1650 631 1840 674 timebat
1871 630 1991 674 enim
2014 632 2205 688 populus
2233 632 2302 689 ju-

464 701 728 738 ramentum.
755 694 789 720 27
818 695 950 737 Porro
974 694 1001 736 J
1007 693 1194 736 onathas
1215 707 1303 736 non
1337 691 1538 734 audierat
1571 706 1672 734 cum
1697 691 1926 747 adjuraret
1954 696 2081 747 pater
2109 691 2206 747 ejus
2226 705 2304 748 po-

464 755 645 811 pulnm3
681 754 969 809 extenditque
999 752 1305 795 summitatem
1339 751 1478 807 virgae
1510 765 1645 806 quam
1678 750 1874 793 habebat
1907 750 1953 792 in
1974 764 2130 806 manu,
2165 756 2209 793 et
2237 751 2302 793 in-

464 814 600 857 tinxit
619 814 668 856 in
692 814 850 856 favum
873 813 1042 867 mellis3
1071 819 1114 855 et
1136 811 1354 854 convertit
1388 825 1569 853 manum
1597 825 1723 853 suam
1747 810 1804 852 ad
1828 823 1874 852 08
1895 823 2044 866 suum,
2072 814 2116 853 et
2139 809 2303 853 illumi-

464 873 558 915 nati
581 878 683 916 sunt
709 872 824 915 oculi
851 872 962 928 ejus.
984 871 1021 899 “2⁸
1049 871 1422 928 Respondensque
1447 884 1559 912 unus
1581 869 1635 913 de
1667 869 1853 926 populo,
1873 869 1937 911 ait
1969 886 1978 913 ε
2005 869 2032 912 J
2037 869 2305 925 urejurando

465 933 730 975 constrinxit
760 937 887 988 pater
922 937 1022 975 tuus
1059 930 1283 987 populum,
1319 930 1470 972 dicens
1507 946 1516 973 ε
1550 929 1817 972 Maledictus
1854 928 1922 971 vir
1955 928 2027 984 qui
2063 928 2305 972 comederit

463 1006 627 1048 panem
654 992 799 1035 hodie.
829 992 1100 1049 (Defecerat
1129 995 1278 1033 autem
1315 989 1549 1046 populus.)
1585 987 1622 1014 ‘²9
1648 989 1862 1044 Dixitque
1900 989 2120 1032 Jonathas
2153 1005 2162 1033 ε
2195 988 2304 1031 Tur—

464 1051 590 1094 bavit
611 1057 738 1108 pater
761 1065 885 1094 mens
911 1056 1101 1105 terram3
1129 1049 1305 1092 vidistis
1336 1048 1421 1104 ipsi
1448 1047 1551 1103 quia
1580 1047 1822 1090 illuminati
1845 1053 1948 1090 sunt
1977 1048 2092 1091 oculi
2118 1048 2226 1104 mei,
2255 1062 2304 1092 eo

464 1111 578 1166 quod
602 1111 875 1167 gustaverim
901 1109 1131 1166 paululum
1165 1108 1218 1151 de
1244 1108 1376 1150 melle
1398 1107 1484 1149 isto
1505 1125 1513 1161 3
1546 1106 1583 1133 3⁰
1604 1112 1770 1162 quanto
1802 1106 1947 1162 magis
1973 1107 2008 1150 si
2041 1107 2304 1151 comedisset

464 1170 651 1226 populus
677 1171 729 1213 de
748 1170 899 1226 praeda
921 1168 1204 1210 inimicorum
1225 1181 1423 1221 suorum,
1444 1181 1577 1222 quam
1601 1166 1798 1222 reperit?
1825 1166 1984 1209 Nonne
2006 1166 2152 1222 major
2170 1166 2303 1223 plaga

463 1230 588 1272 facta
610 1229 771 1272 fuisset
792 1229 837 1270 in
862 1227 1172 1271 philisthiim?

523 1288 556 1314 3¹
583 1290 899 1331 Percusserunt
925 1301 1029 1343 ergo
1049 1287 1095 1329 111
1119 1287 1190 1330 die
1211 1287 1289 1329 illa
1313 1286 1598 1329 Philisthaeos
1620 1300 1647 1328 a
1664 1285 1885 1329 Machmis
1907 1301 2044 1342 usque
2061 1286 2107 1329 in
2127 1286 2300 1331 Aialon.

464 1347 755 1404 Defatigatus
781 1353 847 1390 est
872 1352 1022 1390 autem
1040 1347 1227 1402 populus
1249 1346 1402 1402 nimis,
1426 1344 1463 1372 3'2
1483 1351 1546 1401 et,
1570 1359 1721 1388 versus
1744 1345 1798 1388 ad
1824 1346 2036 1402 praedam,
2064 1345 2169 1389 tulit
2187 1360 2300 1403 oves,

464 1413 507 1450 et
528 1407 681 1463 boves3
701 1412 745 1450 et
775 1407 958 1462 vitulos,
995 1413 1038 1449 et
1070 1411 1382 1449 mactaverunt
1414 1405 1461 1447 in
1494 1411 1634 1460 terra3
1669 1405 1950 1461 comeditque
1984 1405 2172 1462 populus
2204 1420 2304 1448 cum

463 1467 695 1522 sanguine.
731 1466 768 1493 33
790 1466 1123 1509 Nuntiaverunt
1149 1471 1299 1508 autern
1327 1465 1469 1517 Sauli,
1498 1464 1696 1516 dicentes
1722 1463 1838 1520 quod
1863 1465 2052 1521 populus
2073 1469 2303 1521 peccasset

465 1526 655 1569 Domino
679 1525 914 1569 comedens
940 1540 1040 1568 011111
1067 1525 1296 1581 sanguine.
1322 1524 1403 1575 Qui
1431 1525 1495 1567 ait
1527 1541 1535 1567 :
1565 1524 1853 1566 Praevaricati
1888 1524 2007 1568 estis.
2040 1524 2220 1568 Volvite
2248 1524 2305 1568 ad

464 1599 534 1628 me
559 1585 654 1640 jam
680 1599 798 1628 nunc
819 1599 976 1627 saxum
1002 1585 1184 1641 grande.
1211 1584 1248 1611 34
1275 1585 1334 1626 Et
1360 1584 1476 1626 dixit
1509 1583 1614 1627 Saul
1647 1600 1655 1627 :
1691 1583 2011 1639 Dispergimini
2046 1584 2093 1627 in
2118 1584 2304 1640 vulgus,

463 1651 507 1687 et
534 1645 669 1687 dicite
695 1644 757 1687 eis
779 1651 828 1687 ut
860 1644 1055 1687 adducat
1087 1644 1144 1686 ad
1177 1658 1248 1687 1110
1281 1643 1579 1698 unusquisque
1609 1643 1769 1685 bovem
1803 1657 1930 1685 suum
1961 1648 2004 1686 et
2030 1644 2236 1699 arietem,
2263 1648 2306 1687 et

464 1703 652 1746 occidite
679 1718 808 1760 super
829 1703 969 1759 istud,
992 1708 1038 1746 et
1062 1703 1314 1758 vescimini,
1352 1708 1395 1745 et
1420 1716 1508 1745 non
1532 1702 1778 1758 peccabitis
1806 1703 1997 1745 Domino
2024 1701 2306 1745 comedentes

463 1776 564 1805 cum
590 1763 820 1818 sanguine.
841 1763 1045 1805 Adduxit
1069 1762 1219 1818 itaque
1238 1762 1380 1805 omnis
1402 1762 1589 1818 populus
1607 1762 1905 1817 unusquisque
1928 1762 2087 1804 bovem
2105 1762 2152 1804 in
2170 1776 2304 1805 manu

462 1836 541 1864 sua
578 1836 713 1877 usqne
739 1822 796 1865 ad
824 1827 1022 1876 noctem,
1051 1827 1094 1865 et
1120 1821 1377 1864 occiderunt
1400 1821 1479 1864 ibi.
1513 1821 1550 1847 35
1572 1820 1835 1864 AEdificavit
1857 1827 2008 1864 autem
2034 1821 2140 1865 Saul
2165 1821 2306 1863 altare

464 1881 679 1935 Domino3
708 1887 901 1937 tuncque
922 1882 1115 1938 primum
1139 1881 1273 1936 coepit
1296 1881 1515 1923 aedificare
1538 1880 1678 1923 altare
1704 1880 1908 1924 Domino.

522 1941 559 1967 3⁶
585 1942 643 1983 Et
669 1940 784 1983 dixit
807 1941 912 1983 Saul
947 1958 954 1984 :
983 1942 1210 1983 Irruainus
1243 1954 1373 1996 super
1407 1939 1692 1982 Philisthaeos
1722 1945 1873 1995 nocte,
1901 1945 1946 1983 et
1978 1946 2204 1984 vastemus
2232 1953 2304 1984 eos

462 2015 598 2056 usque
626 2000 733 2042 dum
753 2000 985 2043 illucescat
1010 2014 1160 2055 mane,
1188 2013 1269 2042 nec
1298 1999 1601 2055 relinquamus
1627 2013 1682 2041 ex
1715 1998 1779 2041 eis
1801 1999 1958 2042 virum.
1996 1999 2209 2055 Dixitque
2229 2013 2305 2056 po-

462 2060 591 2116 pulus
622 2076 630 2102 ε
657 2060 806 2118 Omne¹
830 2060 945 2114 quod
979 2059 1145 2102 bonum
1179 2058 1355 2101 videtur
1379 2059 1426 2101 in
1453 2058 1590 2101 0011118
1616 2058 1729 2114 tuis,
1753 2059 1842 2101 fac.
1879 2060 1938 2101 Et
1963 2059 2028 2101 ait
2059 2059 2264 2102 sacerdos
2291 2074 2300 2102 ε

464 2119 744 2162 Accedamus
774 2120 859 2161 huc
884 2118 941 2161 ad
970 2120 1129 2162 Deum.
1161 2118 1196 2145 3⁷
1224 2119 1283 2161 Et
1314 2118 1536 2161 consuluit
1564 2118 1670 2161 Saul
1697 2117 1939 2161 Dominum
1970 2135 1978 2162 z
2009 2118 2129 2161 Num
2161 2132 2304 2175 perse-

463 2193 572 2234 quar
598 2178 910 2221 Philisthiim?
936 2178 972 2221 si
998 2178 1146 2221 trades
1170 2192 1241 2220 eos
1270 2177 1316 2220 111
1342 2192 1499 2220 manns
1526 2177 1700 2221 Israel?
1727 2178 1785 2220 Et
1818 2192 1906 2220 non
1939 2177 2169 2234 respondit
2195 2177 2233 2220 ei
2258 2177 2304 2220 in
2326 2191 2329 2195 '

464 2237 535 2280 die
560 2238 652 2281 illa.
676 2237 712 2264 3⁸
740 2238 954 2293 Dixitque
979 2238 1085 2281 Saul
1116 2254 1124 2281 :
1164 2237 1403 2293 Applicate
1441 2237 1527 2279 huc
1564 2236 1792 2279 universos
1824 2237 2012 2293 angulos
2044 2237 2226 2294 populi3
2262 2241 2305 2280 et

464 2297 636 2351 scitote,
660 2303 703 2340 et
725 2297 886 2352 videte,
910 2312 987 2353 per
1012 2311 1143 2352 quem
1166 2296 1380 2339 acciderit
1409 2301 1647 2352 peccatum
1669 2296 1753 2339 hoc
1778 2296 1923 2339 hodie.
1947 2295 1984 2323 3⁹
2002 2295 2129 2339 Vivit
2155 2296 2306 2339 Domi—

464 2370 546 2399 nus
564 2356 760 2399 salvator
779 2357 918 2399 Israel
943 2357 950 2399 !
974 2356 1076 2412 quia
1094 2356 1129 2398 si
1153 2370 1231 2412 per
1249 2355 1491 2399 Jonatham
1504 2353 1646 2396 filium
1667 2369 1815 2398 meum
1837 2356 2013 2398 factum
2039 2360 2119 2410 est,
2138 2355 2306 2410 absque

463 2415 779 2458 retractatione
813 2416 1035 2459 morietur.
1075 2415 1146 2458 Ad
1172 2414 1289 2470 quod
1322 2415 1470 2458 nullus
1505 2415 1777 2458 contradixit
1811 2415 1849 2458 ei
1883 2414 1937 2458 de
1971 2414 2091 2458 omni
2128 2415 2303 2471 popule.

464 2475 502 2501 4⁰
527 2475 584 2518 Et
604 2475 669 2517 ait
689 2475 745 2518 ad
768 2475 1023 2517 universum
1046 2475 1186 2518 Israel
1220 2491 1228 2518 :
1254 2474 1533 2531 Separamini
1558 2487 1637 2516 vos
1666 2474 1713 2516 in
1747 2480 1918 2531 partem
1951 2488 2111 2529 unam,
2150 2479 2194 2517 et
2223 2488 2305 2530 ego

464 2548 565 2577 cum
599 2534 797 2577 Jonatha
837 2534 927 2577 filio
965 2549 1062 2577 meo
1103 2548 1175 2577 ero
1214 2533 1260 2575 in
1297 2540 1422 2590 parte
1459 2533 1613 2577 altera.
1655 2534 1986 2590 Responditque
2022 2533 2211 2590 populus
2248 2533 2304 2576 ad

464 2593 568 2638 Saul
601 2611 610 2637 ε
637 2594 761 2644 Quod
784 2593 950 2636 bonum
976 2593 1152 2637 videtur
1181 2594 1227 2635 in
1258 2593 1396 2636 oculis
1430 2593 1539 2648 tuis,
1571 2593 1661 2636 fac.
1696 2593 1731 2620 4¹
1765 2595 1823 2636 Et
1851 2593 1968 2636 dixit
2004 2593 2110 2636 Saul
2132 2591 2188 2635 ad
2217 2593 2304 2636 Do-

463 2653 634 2696 minum
662 2655 805 2696 Deum
828 2653 966 2696 Israel
1001 2670 1009 2697 :
1038 2653 1229 2696 Domine
1257 2654 1377 2695 Deus
1399 2652 1559 2708 Israel,
1586 2652 1643 2695 da
1666 2653 1883 2696 indicium
1917 2669 1925 2696 :
1952 2652 2058 2709 quid
2091 2658 2158 2695 est
2188 2652 2303 2708 quod

464 2727 550 2755 non
584 2712 862 2768 responderis
884 2726 1010 2755 servo
1035 2717 1110 2755 tuo
1133 2712 1300 2755 hodie?
1325 2712 1369 2756 Si
1395 2712 1441 2754 in
1465 2726 1559 2767 me,
1586 2712 1730 2755 autin
1752 2713 1780 2755 J
1785 2712 1950 2755 onatha
1976 2711 2066 2754 filio
2093 2725 2210 2767 meo,
2238 2716 2305 2754 est

463 2771 676 2826 iniquitas
697 2772 814 2827 11000,
839 2772 896 2814 da
921 2772 1216 2815 ostensionem
1238 2788 1246 2826 3
1272 2777 1349 2814 aut
1369 2772 1405 2814 si
1429 2772 1525 2814 haec
1550 2771 1764 2827 iniquitas
1784 2771 1913 2814 estin
1935 2772 2099 2828 populo
2123 2777 2220 2826 tuo,
2249 2770 2305 2814 da

463 2830 764 2874 sanctitatem.
789 2833 845 2873 Et
868 2831 1166 2887 deprehensus
1192 2838 1258 2874 est
1284 2831 1311 2873 J
1317 2831 1503 2874 onathas
1530 2837 1573 2874 et
1596 2830 1704 2874 Saul
1725 2848 1734 2884 3
1760 2831 1948 2887 populus
1973 2835 2124 2874 autem
2149 2829 2301 2873 exivit.

464 2888 502 2916 4⁹2
524 2890 581 2931 Et
603 2889 666 2932 ait
687 2890 792 2933 Saul
823 2907 831 2934 ε
854 2890 1023 2933 Mittite
1049 2895 1211 2933 sortem
1242 2890 1358 2932 inter
1388 2904 1457 2932 me
1493 2895 1536 2933 et
1562 2891 1680 2934 inter
1708 2890 1950 2933 Jonatham
1969 2887 2110 2931 filium
2140 2902 2302 2932 meum.
2355 2936 2359 2942 ,

467 2949 525 2991 Et
547 2954 702 3004 captus
731 2954 796 2992 est
818 2950 1050 2993 Jonathas.
1081 2949 1119 2976 43
1142 2949 1269 2993 Dixit
1299 2954 1450 2992 01110111
1478 2949 1584 2993 Saul
1609 2949 1667 2992 ad
1701 2949 1943 2992 Jonatham
1970 2965 1978 2992 ε
2006 2949 2165 2992 Indica
2193 2948 2303 2991 mihi

466 3007 570 3063 quid
593 3008 766 3050 feceris.
797 3010 854 3051 Et
877 3009 1095 3052 indicavit
1122 3009 1160 3051 ei
1184 3009 1426 3063 Jonathas,
1455 3014 1498 3052 et
1520 3009 1584 3051 ait
1609 3025 1618 3053 :
1653 3010 1847 3053 Gustans
1887 3008 2085 3064 gustavi,
2115 3008 2162 3051 in
2187 3021 2304 3051 sum·
2327 3034 2331 3038 —

467 3066 623 3109 mitate
646 3067 783 3122 virgae
813 3081 911 3122 quae
939 3068 1098 3110 eratin
1125 3083 1259 3110 manu
1285 3081 1407 3123 mea,
1438 3067 1670 3124 paululum
1700 3067 1873 3121 mellis3
1902 3073 1946 3111 et
1976 3081 2078 3111 ecce
2100 3080 2184 3124 ego
2213 3081 2304 3110 mo-

465 3126 552 3168 rior
575 3126 583 3168 !
617 3125 653 3152 44
685 3127 741 3167 Et
773 3126 836 3168 ait
860 3127 965 3169 Saul
991 3144 999 3170 :
1040 3128 1150 3170 Haec
1183 3127 1326 3170 faciat
1360 3127 1469 3170 mihi
1494 3128 1631 3183 Deus,
1667 3132 1711 3170 et
1732 3126 1827 3168 haec
1852 3127 2010 3183 addat,
2038 3127 2142 3183 quia
2164 3131 2304 3169 morte

467 3184 685 3240 morieris,
720 3185 747 3228 J
754 3185 930 3228 onatha.
969 3185 1005 3212 ⁴5
1028 3187 1239 3242 Dixitque
1272 3186 1459 3242 populus
1493 3186 1549 3229 ad
1582 3185 1686 3229 Saul
1716 3202 1724 3229 :
1756 3186 1931 3241 Ergone
1961 3186 2182 3229 Jonathas
2212 3198 2304 3228 mo-

466 3244 621 3300 rietur,
656 3244 730 3300 qui
763 3243 874 3287 fecit
906 3244 1096 3288 salutem
1127 3245 1240 3287 hanc
1271 3259 1483 3301 magnam
1507 3245 1554 3287 in
1585 3244 1758 3288 Israel?
1794 3245 1892 3287 Hoc
1914 3245 2044 3289 nefas
2079 3250 2164 3300 est,
2191 3243 2304 3286 vivit
2363 3262 2391 3280 .-

468 3303 714 3346 Dominus!
748 3303 783 3345 si
811 3303 1021 3346 ceciderit
1046 3304 1234 3360 capillus
1267 3304 1321 3347 de
1351 3305 1497 3360 capite
1524 3304 1622 3360 ejus
1650 3304 1696 3346 in
1730 3309 1916 3360 terram,
1946 3304 2048 3360 quia
2071 3318 2173 3347 cum
2209 3304 2304 3346 Deo

468 3369 672 3418 operatus
699 3367 765 3405 est
785 3362 929 3405 hodie.
959 3362 1188 3405 Liberavit
1217 3377 1321 3418 ergo
1351 3363 1540 3419 populus
1572 3363 1827 3418 Jonatham,
1851 3368 1899 3405 ut
1927 3377 2014 3407 non
2045 3368 2298 3407 moreretur.

467 3420 504 3448 4⁶
539 3422 822 3477 Recessitque
854 3421 980 3476 Saul,
1022 3435 1102 3463 nec
1137 3428 1391 3477 persecutus
1428 3428 1494 3465 est
1527 3421 1826 3478 Philisthiim3
1865 3436 1994 3480 porro
2028 3420 2301 3465 Philisthiim

468 3479 674 3523 abierunt
693 3481 740 3523 in
767 3480 863 3524 loca
888 3495 980 3523 sua.

527 3538 561 3565 4⁷
586 3541 641 3581 Et
666 3540 790 3595 Saul,
822 3539 1082 3583 confirmato
1106 3554 1242 3596 regno
1263 3555 1394 3596 super
1417 3541 1574 3595 Israel,
1601 3541 1832 3597 pugnabat
1856 3556 1934 3598 per
1959 3541 2193 3584 circuitum
2223 3540 2300 3583 ad-

468 3612 644 3640 versum
667 3613 818 3641 omnes
843 3599 1047 3641 inimicos
1080 3599 1201 3654 ejus,
1241 3607 1392 3641 contra
1422 3600 1576 3655 Moab,
1611 3606 1654 3642 et
1687 3600 1800 3643 filios
1830 3602 2025 3643 Ammon
2057 3604 2102 3643 et
2136 3599 2297 3654 Edom,

469 3663 513 3699 et
551 3670 677 3713 reges
713 3657 849 3712 Soba,
892 3663 934 3700 et
976 3657 1284 3712 Philisthaeos3
1324 3663 1368 3700 et
1405 3672 1680 3714 quocumque
1716 3672 1762 3701 se
1799 3664 2011 3714 verterat,
2049 3658 2327 3714 superabat„
