2423 3861
79 749 248 784 Egyptn,
277 750 318 775 01)

109 793 292 824 bestiarum

127 840 256 868 cultum
268 860 276 874 ‚

99 934 157 960 per
174 925 302 954 bestias

136 969 246 1003 puniti
259 991 265 1003 ,

122 1017 147 1043 H
151 1014 249 1043 ebraei
266 1021 283 1042 e

143 1062 260 1087 contra

126 1102 277 1132 recreati.

126 2467 300 2495 Elementa

128 2511 297 2545 AEgyptiis

126 2556 281 2584 nocentia
290 2577 300 2590 ,

112 2600 259 2629 Hebraeis
276 2601 324 2628 fa-

154 2644 278 2673 ventis.

385 118 468 160 726
953 112 1053 154 SAP.
1088 113 1188 166 XV,
1225 113 1280 154 16
1312 136 1371 140 ——
1401 109 1535 163 XVI,
1568 110 1642 151 24.

384 286 514 342 digiti
536 298 749 327 manuum
768 282 823 324 ad
844 279 1148 334 tractandum,
1168 279 1245 321 sed
1272 284 1316 321 et
1338 278 1473 334 pedes
1495 292 1643 320 eorum
1667 278 1781 333 pigri
1803 277 1859 319 ad
1879 277 2217 319 ambulandum.

385 346 420 372 ¹⁶
439 346 586 387 Homo
611 342 728 385 0111111
750 340 861 383 fecit
882 339 1008 393 illos3
1033 343 1076 381 et
1097 338 1171 393 qui
1190 337 1392 394 spiritum
1413 341 1641 379 mutuatus
1657 341 1734 390 est,
1750 335 1787 377 is
1804 336 1934 377 finxit
1949 336 2062 379 illos.
2076 337 2220 378 Nemo

384 404 499 447 enim
527 402 609 445 sibi
636 399 827 443 similem
855 398 987 441 homo
1012 397 1174 454 poterit
1200 396 1331 439 deum
1357 396 1536 451 fingere.
1572 395 1606 421 1⁷
1633 394 1744 438 Cum
1769 394 1888 437 enim
1913 395 1970 437 sit
1997 394 2220 449 mortalis,

383 467 605 505 mortuum
631 458 760 514 fingit
782 457 987 500 manibus
1008 455 1185 512 iniquis.
1206 455 1362 498 Melior
1388 455 1506 498 enim
1532 459 1598 498 est
1621 453 1716 511 ipse
1737 453 1805 496 his
1828 467 1933 509 quos
1959 452 2085 509 colit,
2118 452 2221 509 quia

384 521 477 578 ipse
503 518 681 575 quidem
704 518 839 572 vixit,
868 531 966 559 cum
994 520 1108 558 esset
1133 514 1354 570 mortalis,
1376 514 1444 556 illi
1469 519 1620 569 autem
1641 527 1882 568 nunquam.

666 629 688 682 ξ
710 626 772 669 Π.
797 651 857 659 --
881 625 1122 681 Specz'atim
1149 629 1424 680 opponuntur
1444 622 1661 678 AEyyptii
1682 628 1721 664 et
1740 621 1931 663 Hebraez'.
1968 617 1973 621 ⁵

445 736 480 763 ‘¹8
499 735 584 779 Sed
615 739 657 778 et
686 733 900 776 animalia
929 732 1175 776 miserrima-
1209 731 1388 785 colunt3
1431 730 1657 773 insensata
1696 728 1814 772 enim
1845 733 2100 785 comparata
2133 728 2222 784 liis,

384 795 473 838 illis
507 800 610 838 sunt
640 793 873 837 deteriora.
908 791 944 818 ¹⁰
971 791 1055 836 Sed
1086 806 1168 834 nec
1201 795 1386 848 aspectu
1432 789 1580 845 niquis
1615 803 1671 831 ex
1703 789 1772 830 his
1805 787 2075 831 animalibus
2107 788 2221 831 bona

385 860 530 912 potest
564 852 842 910 conspicere,
876 851 1131 907 effugerunt
1155 855 1308 894 autem
1334 849 1417 893 Dei
1443 848 1623 892 laudem
1652 853 1696 891 et
1720 847 2081 891 benedictionem
2111 847 2223 903 ejus.

446 914 552 957 CAP.
587 913 713 956 XVI.
738 938 799 945 —-
819 911 832 937 ¹
858 912 1042 968 Propter
1070 911 1187 965 haec,
1220 915 1263 953 et
1292 923 1370 966 per
1401 908 1470 951 his
1503 907 1668 951 similia
1693 906 1811 964 passi
1842 912 1944 950 sunt
1973 907 2108 963 digne
2137 911 2223 950 tor-

387 978 558 1029 menta,
603 977 647 1016 et
679 987 755 1029 per
788 970 1123 1014 multitudinem
1151 969 1396 1012 bestiarum
1426 967 1710 1011 exterminati
1748 971 1863 1011 sunt.
1899 965 1917 992 '²
1948 967 2031 1010 Pro
2066 966 2224 1022 quibus

386 1033 618 1076 tormentis
640 1032 752 1075 bene
775 1029 1028 1087 disposuisti
1051 1029 1264 1086 populum
1286 1033 1425 1084 tuum,
1451 1027 1609 1083 quibus
1632 1026 1793 1069 dedisti
1818 1025 2225 1083 concupiscentiam

388 1091 702 1136 delectamenti
725 1090 793 1133 sui
814 1104 979 1132 novum
1010 1103 1233 1145 saporem,
1265 1102 1413 1131 escam
1438 1101 1598 1144 parans
1624 1086 1686 1130 eis
1721 1090 2070 1142 ortygometram
2097 1101 2106 1128 :
2143 1084 2160 1111 3
2177 1089 2226 1127 ut

386 1152 453 1195 illi
480 1151 681 1207 quidem,
710 1149 1074 1206 concupiscentes
1110 1163 1257 1191 escam
1286 1152 1464 1204 propter
1489 1161 1540 1189 ea
1567 1161 1665 1202 quae
1698 1145 1788 1188 illis
1818 1150 1993 1188 ostensa
2023 1149 2066 1188 et
2092 1144 2226 1187 missa

387 1216 510 1267 sunt,
538 1211 670 1254 etiam
698 1224 724 1252 a
755 1209 1001 1252 necessaria
1032 1206 1393 1264 concupiscentia
1423 1210 1741 1251 averterentur.
1770 1205 1831 1247 Hi
1861 1209 2011 1248 autem
2031 1204 2078 1247 111
2103 1203 2226 1247 brevi

387 1271 540 1327 inopes
563 1269 697 1326 facti,
725 1272 887 1312 novam
910 1272 1204 1324 gustaverunt
1227 1281 1387 1310 escam.
1411 1265 1427 1292 4
1447 1265 1690 1322 Oportebat
1717 1264 1835 1308 enim
1859 1264 1950 1307 illis
1975 1264 2070 1307 sine
2095 1278 2226 1307 excu÷

388 1330 559 1373 satione
605 1329 785 1386 quidem
832 1327 1115 1385 supervenire
1159 1326 1389 1370 interitum
1437 1325 1746 1369 exercentibus
1771 1334 1774 1338 ’
1795 1323 2078 1380 tyrannidem
2099 1339 2107 1377 ;
2157 1323 2226 1365 his

388 1394 536 1433 autem
567 1394 743 1432 tantum
769 1387 1001 1432 ostendere
1023 1385 1398 1443 quemadmodum
1428 1384 1599 1427 inimici
1627 1399 1778 1427 eorum
1801 1383 2228 1427 exterminabantur.

448 1450 464 1476 5
482 1450 662 1493 Etenim
685 1464 785 1492 cum
806 1447 895 1490 illis
915 1446 1169 1504 supervenit
1190 1461 1310 1488 saeva
1328 1445 1571 1488 bestiarum
1590 1444 1669 1499 ira,
1689 1442 1908 1486 morsibus
1925 1456 2230 1500 perversorum

389 1510 667 1553 colubrorum
699 1507 1125 1551 exterminabantur.
1153 1506 1170 1532 6
1189 1505 1273 1549 Sed
1300 1519 1388 1548 non
1420 1505 1466 1547 in
1493 1508 1754 1561 perpetuum
1774 1503 1840 1545 ira
1862 1508 1939 1545 tua
1964 1502 2229 1559 permansit,

389 1569 465 1613 sed
503 1569 559 1611 ad
598 1568 916 1625 correptionem
950 1566 996 1608 in
1029 1565 1153 1609 brevi
1182 1565 1349 1608 turbati
1382 1569 1506 1619 sunt,
1536 1563 1714 1619 signum
1743 1559 1960 1605 habentes
1990 1561 2147 1604 salutis
2171 1561 2229 1603 ad

391 1626 856 1672 commemorationem
886 1625 1086 1668 mandati
1112 1625 1224 1680 legis
1250 1629 1351 1667 tuae.
1373 1623 1388 1649 ⁷
1415 1623 1497 1674 Qui
1523 1623 1641 1666 enim
1668 1636 1905 1665 conversus
1931 1627 2017 1676 est,
2040 1635 2128 1664 11011
2154 1635 2230 1678 per

390 1688 473 1731 hoc
496 1687 610 1744 qnod
636 1687 818 1730 videbat
844 1686 1096 1740 sanabatur,
1123 1684 1199 1727 sed
1222 1698 1298 1741 per
1323 1689 1366 1726 te
1391 1682 1590 1726 omnium
1616 1681 1897 1724 salvatorem.
1925 1681 1941 1707 8
1966 1681 2022 1723 In
2048 1680 2131 1723 hoc
2154 1695 2227 1722 au-

390 1753 479 1791 tem
504 1746 735 1790 ostendisti
758 1745 950 1788 inimicis
970 1744 1150 1799 nostris,
1172 1743 1274 1799 quia
1295 1749 1343 1786 tu
1369 1757 1413 1786 es
1436 1742 1509 1798 qui
1532 1742 1692 1785 liberas
1714 1741 1770 1783 ab
1790 1740 1909 1783 omni
1932 1740 2064 1783 malo.
2087 1739 2104 1765 9
2121 1739 2230 1782 Illos

392 1806 510 1850 enim
531 1806 802 1849 locustarum
824 1810 867 1848 et
889 1818 1137 1847 muscarum
1163 1802 1421 1846 occiderunt
1442 1815 1632 1855 morsus,
1652 1806 1696 1843 et
1716 1814 1804 1843 non
1823 1804 1889 1842 est
1910 1799 2093 1842 inventa
2114 1798 2230 1841 sani-

392 1872 460 1909 tas
483 1866 645 1908 animae
663 1865 861 1919 illorum,
883 1864 985 1919 quia
1004 1862 1128 1918 digni
1155 1866 1281 1905 erant
1301 1861 1357 1903 ab
1386 1857 1646 1915 hujusmodi
1688 1857 1991 1901 exterminari.
2028 1856 2064 1883 ¹⁰
2088 1857 2229 1900 Filios

392 1931 540 1969 autem
578 1930 676 1968 tuos
713 1938 795 1967 nec
833 1923 1075 1965 draconum
1110 1925 1431 1965 venenatorum
1468 1918 1671 1961 vicerunt
1711 1917 1893 1971 dentes,
1931 1916 2232 1959 misericordia

394 1985 511 2029 enim
532 1989 610 2027 tua
639 1983 881 2027 adveniens
904 1982 1092 2025 sanabat-
1116 1981 1229 2023 illos.
1258 1979 1366 2022 '¹1In
1392 1977 1605 2021 memoria
1634 1977 1752 2020 enim
1778 1988 2031 2019 sermonum
2057 1980 2232 2019 tuorum

394 2044 779 2099 examinabantur,
814 2047 856 2086 et
892 2041 1101 2085 velociter
1133 2040 1437 2093 salvabantur,
1476 2052 1531 2081 ne
1574 2037 1621 2079 in
1657 2037 1796 2079 altam
1833 2035 2082 2078 incidentes
2123 2034 2232 2078 obli-

394 2104 591 2160 vionem,
630 2118 718 2147 non
758 2107 938 2159 possent
974 2106 1048 2144 tuo
1086 2100 1151 2143 uti
1185 2098 1422 2155 adjutorio.
1457 2096 1493 2123 12
1519 2096 1698 2140 Etenim
1730 2110 1871 2151 neque
1902 2095 2060 2150 herba,
2091 2109 2233 2150 neque

395 2165 620 2219 malagma
645 2162 820 2206 sanavit
846 2176 944 2214 eos,
970 2160 1046 2204 sed
1080 2165 1202 2215 tuus,
1231 2158 1440 2213 Domine,
1468 2171 1631 2212 sermo,
1659 2155 1731 2211 qui
1761 2159 1891 2197 sanat
1916 2154 2077 2197 omnia.
2106 2154 2142 2180 13
2165 2154 2232 2196 Tu

396 2238 440 2267 es
463 2224 601 2279 enim,
623 2222 832 2277 Domine,
854 2220 927 2277 qui
951 2221 1055 2262 vitae
1078 2224 1121 2263 et
1145 2219 1298 2262 mortis
1320 2217 1456 2260 habes
1482 2213 1768 2273 potestatem,
1789 2219 1831 2257 et
1853 2214 2036 2256 deducis
2057 2213 2114 2256 ad
2136 2228 2232 2270 por-

396 2289 463 2326 tas
489 2282 662 2337 mortis,
694 2287 736 2325 et
769 2280 957 2324 reducis.
984 2279 1019 2305 ¹4
1046 2280 1194 2322 Homo
1227 2283 1377 2320 autem
1407 2275 1571 2320 occidit
1604 2274 1783 2330 quidem
1815 2287 1892 2330 per
1916 2273 2162 2328 malitiam3
2191 2278 2234 2316 et

397 2358 498 2385 cum
527 2342 683 2385 exierit
708 2341 907 2398 spiritus,
934 2354 1023 2382 non
1054 2343 1318 2393 revertetur,
1345 2351 1426 2380 nec
1452 2334 1680 2379 revocabit
1704 2333 1900 2375 animam
1932 2346 2031 2388 quae
2056 2337 2234 2389 recepta

397 2407 476 2445 est.
504 2401 539 2428 1³³
566 2401 650 2445 Sed
676 2406 799 2443 tuam
825 2414 1008 2442 manum
1034 2399 1231 2454 effugere
1250 2395 1526 2454 impossibile
1551 2399 1630 2437 est.

458 2461 494 2487 1⁶
513 2462 739 2517 Negantes
762 2460 880 2503 enim
901 2465 945 2502 te
970 2473 1098 2502 nosse
1121 2457 1262 2514 impii,
1290 2471 1366 2513 per
1388 2454 1702 2499 ‘fortitudinem
1728 2452 1898 2495 brachii
1924 2451 1990 2494 tui
2015 2450 2231 2506 flagellati

399 2526 528 2575 sunt3
560 2520 685 2563 novis
707 2519 854 2576 aquis,
882 2521 925 2562 et
950 2517 1263 2574 grandinibus,
1287 2520 1330 2559 et
1355 2514 1518 2572 pluviis
1544 2512 1896 2570 persecutionem
1920 2511 2060 2568 passi,
2087 2515 2236 2566 etper

398 2581 547 2636 ignem
571 2578 834 2636 consumpti.
859 2578 893 2604 ¹⁷
919 2577 1044 2628 Quod
1067 2576 1185 2621 enim
1207 2575 1410 2618 mirabile
1432 2579 1538 2629 erat,
1564 2573 1612 2615 in
1637 2587 1771 2628 aqua,
1796 2585 1894 2627 quae
1921 2570 2070 2614 omnia
2093 2569 2236 2612 extin-

400 2640 509 2696 guit,
533 2639 632 2696 plus
652 2638 770 2695 ignis
791 2638 970 2681 valebat
991 2655 999 2693 ;
1023 2637 1189 2679 vindex
1215 2639 1280 2678 est
1303 2634 1422 2679 enim
1447 2633 1563 2677 orbis
1585 2632 1819 2688 justorum.
1844 2630 1878 2656 ¹8
1893 2629 2096 2681 Quodam
2117 2628 2235 2672 enim

400 2705 597 2755 tempore
630 2698 996 2741 mansuetabatur
1027 2696 1163 2752 ignis,
1198 2710 1254 2738 ne
1288 2693 1651 2737 comburerentur
1683 2705 1780 2747 quae
1814 2689 1871 2732 ad
1903 2689 2065 2746 impios
2101 2687 2241 2730 missa.

402 2763 526 2801 erant
546 2757 772 2813 animalia,
797 2757 871 2800 sed
894 2762 942 2799 ut
963 2756 1047 2812 ipsi
1068 2755 1271 2798 videntes
1293 2753 1457 2797 scirent
1479 2751 1688 2808 quoniam
1711 2749 1793 2792 Dei
1816 2748 1984 2805 judicio
2007 2747 2240 2805 patiuntur

401 2817 764 2874 persecutionem.
793 2816 827 2842 ¹9
842 2817 900 2858 Et
925 2815 1115 2872 quodam
1142 2820 1338 2871 tempore
1362 2813 1408 2855 in
1430 2827 1545 2868 aqua
1573 2824 1705 2867 supra
1730 2809 1941 2851 virtutem
1965 2807 2082 2863 ignis
2112 2821 2235 2850 exar-

402 2877 610 2920 descebat
634 2876 850 2931 undique,
880 2880 926 2918 ut
953 2874 1119 2931 iniquae
1146 2879 1273 2917 terrae
1299 2872 1525 2916 nationem
1551 2868 1877 2914 exterminaret.

461 2935 498 2962 2⁰
508 2937 591 2979 Pro
608 2935 766 2992 quibus
781 2935 1041 2991 angelorum
1056 2948 1155 2977 esca
1171 2931 1396 2975 nutrivisti
1411 2930 1623 2988 populum
1639 2933 1781 2982 tuum3
1800 2932 1843 2970 et
1857 2932 2062 2984 paratum
2076 2934 2235 2982 panem

403 2996 457 3039 de
475 2995 584 3038 caelo
603 2995 852 3052 praestitisti
876 2994 978 3037 illis·
991 2993 1086 3037 sine
1111 2993 1274 3048 labore,
1291 3005 1420 3035 omne
1446 2990 1821 3034 delectamentum
1846 2987 1893 3029 in
1914 3001 1961 3030 se
1982 2985 2235 3038 habentem,

403 3060 446 3098 et
467 3054 608 3098 omnis
630 3054 798 3111 saporis
815 3054 1097 3097 suavitatem.
1113 3051 1146 3078 2¹
1164 3051 1421 3096 Substantia
1440 3049 1558 3094 enim
1575 3054 1652 3091 tua
1670 3046 1953 3090 dulcedinem
1967 3051 2092 3088 tuam
2105 3058 2235 3100 quam

401 3114 446 3156 in
476 3113 588 3156 filios
609 3113 747 3156 habes
773 3113 1056 3167 ostendebat,
1076 3118 1119 3155 et
1141 3111 1392 3154 deserviens
1414 3107 1763 3163 uniuscujusque
1783 3105 2022 3159 voluntati,
2041 3104 2099 3147 ad
2121 3102 2237 3159 quod

403 3173 585 3229 quisque
613 3173 792 3215 volebat
825 3172 1176 3216 convertebatur.
1203 3170 1240 3196 9⁵2
1266 3170 1355 3212 Nix
1388 3173 1537 3212 autem
1571 3172 1614 3210 et
1643 3166 1809 3222 glacies
1838 3165 2119 3208 sustinebant
2146 3162 2235 3204 vin]

402 3232 532 3288 ignis,
552 3237 595 3275 et
616 3246 702 3274 non
726 3232 1014 3275 tabescebant
1032 3248 1039 3274 :
1058 3236 1107 3274 ut
1128 3231 1291 3274 scirent
1310 3229 1518 3285 quoniam
1535 3227 1707 3269 fructus
1729 3225 2011 3268 inimicorum
2032 3221 2236 3266 extermi-

403 3292 541 3335 nabat
564 3291 681 3347 ignis
710 3290 868 3334 ardens
893 3291 938 3332 in
970 3290 1186 3346 grandine
1212 3294 1255 3333 et
1280 3288 1433 3346 pluvia
1459 3299 1692 3330 coruscans
1712 3301 1721 3309 ·
1743 3284 1780 3311 23
1804 3284 1877 3327 hic
1902 3289 2052 3327 autem
2077 3282 2239 3325 iterum

405 3357 452 3394 ut
480 3351 752 3394 nutrirentur
775 3350 905 3406 justi,
933 3350 1067 3393 etiam
1096 3364 1188 3391 suae
1215 3347 1391 3391 virtutis
1421 3346 1583 3390 oblitus
1613 3349 1691 3388 est.
1718 3343 1754 3371 ”24
1774 3345 1984 3389 Creatura
2009 3342 2129 3386 enim
2156 3340 2238 3383 tibi

406 3410 582 3453 Factori
614 3409 885 3466 deserviens,
912 3409 1159 3452 exardescit
1187 3408 1234 3450 in
1262 3410 1529 3451 tormentum
1560 3403 1771 3447 adversus
1795 3403 2006 3460 injustos,
2028 3406 2073 3445 et
2100 3399 2245 3444 lenior

408 3550 435 3582 2]
460 3550 557 3576 Num.
583 3549 652 3583 XI,
677 3552 722 3577 31.
751 3564 786 3568 —
814 3550 844 3583 5]
871 3549 967 3576 Num.
997 3548 1100 3582 XXI,
1125 3551 1151 3576 6.
1174 3563 1210 3568 —-
1234 3549 1263 3581 9]
1290 3548 1350 3574 Ex.
1376 3546 1481 3577 VIII,
1507 3547 1541 3572 24
1567 3544 1652 3577 etX,
1677 3547 1703 3572 4.
1725 3545 1827 3577 Apoc.
1855 3543 1923 3578 IX,
1945 3544 1969 3570 7.
1998 3557 2035 3561 -
2066 3541 2113 3574 13]
2141 3539 2244 3568 Deut-

407 3593 558 3628 XXXII,
587 3594 633 3620 39.
662 3594 677 3620 Ι
708 3594 791 3626 ch.
818 3594 872 3627 11,
896 3597 921 3621 6.
952 3593 1029 3620 Tob.
1056 3593 1164 3626 XIII,
1190 3596 1215 3620 2.
1233 3606 1269 3611 —-
1289 3592 1335 3624 16]
1365 3592 1427 3618 Ex.
1454 3589 1521 3624 1X,
1546 3592 1590 3617 23.
1615 3603 1647 3608 —
1676 3588 1723 3622 20]
1743 3589 1804 3616 Ex.
1829 3587 1991 3622 le,14.
2013 3586 2110 3613 Num.
2128 3583 2197 3618 XI,
2214 3585 2243 3613 τι

408 3641 457 3668 Ps.
475 3641 658 3677 LXXVII,
678 3646 722 3670 25.
740 3643 839 3670 donn.
857 3642 923 3678 VI,
941 3645 1032 3670 31.-
1052 3642 1099 3674 22]
1120 3641 1177 3668 Ex.
1196 3640 1263 3673 IX,
1278 3641 1323 3667 24.
