2456 3861
219 723 296 749 Sors

148 765 369 797 captivorum.

171 809 345 837 Lustratio

136 854 308 882 exercitus
344 859 376 882 et

194 899 319 931 praedae.

199 1844 311 1877 Spolia

148 1888 202 1916 div
209 1888 357 1917 iduntur.

134 3500 275 3528 nonaria
305 3502 372 3529 Deo

153 3544 353 3573 offeruntur.

450 133 532 175 154
1090 131 1217 173 NUM.
1252 131 1431 185 XXXI,
1469 132 1629 174 10-48.

445 317 615 358 eorum,
646 308 689 345 et
718 301 943 359 parvulos,
976 301 1210 356 omniaque
1243 314 1421 356 pecora,
1452 305 1495 343 et
1529 305 1736 343 cunctam
1767 300 2118 357 supellectilem3
2151 300 2278 357 quid-

446 361 550 417 quid
585 362 746 405 habere
780 366 1013 417 potuerant
1051 359 1307 415 depopulati
1337 364 1467 413 sunt3
1508 358 1544 384 10
1572 364 1666 401 tam
1703 359 1831 402 urbes
1869 374 2003 414 quam
2034 360 2204 403 viculos
2230 364 2276 403 et

446 421 627 463 castella
650 420 829 462 flamma
852 418 1150 474 consumpsit3
1176 417 1208 444 11
1228 423 1272 461 et
1289 417 1485 461 tulerunt
1507 418 1718 475 praedam,
1739 423 1782 461 et
1803 418 2009 461 universa
2031 433 2129 474 quae
2151 433 2276 476 cepe-

444 485 563 535 rant,
587 485 680 521 tam
702 493 755 521 ex
777 477 1031 520 hominibus
1055 491 1187 532 quam
1210 491 1263 520 ex
1293 476 1528 533 jumentis,
1560 476 1596 502 13
1617 482 1660 520 et
1681 477 1964 520 adduxerunt
1991 477 2048 520 ad
2069 478 2270 534 Moysen,

445 544 487 581 et
521 538 783 581 Eleazarum
816 536 1110 592 sacerdotem,
1142 542 1184 579 et
1216 536 1273 578 ad
1308 550 1484 579 omnem
1518 536 1853 579 multitudinem
1885 535 2078 579 filiorum
2107 537 2275 592 Israel;

443 596 611 652 reliqua
633 601 783 639 autem
805 595 1012 639 utensilia
1034 601 1321 652 portaverunt
1341 595 1399 638 ad
1421 601 1566 638 cast-ra
1587 595 1634 638 in
1656 595 1979 652 campestribus
1996 595 2130 638 Moab
2147 595 2279 652 juxta

445 656 686 698 Jordanm
709 660 862 698 contra
883 655 1077 698 Jericho.

504 714 539 741 13
562 714 739 770 Egressi
761 719 864 757 sunt
892 719 1043 758 autem
1070 715 1245 771 Moyses
1275 719 1319 758 et
1340 714 1526 758 Eleazar
1553 714 1779 770 sacerdos,
1803 718 1847 757 et
1876 727 2027 757 omnes
2057 715 2279 772 principes

444 788 706 830 synagogae,
728 773 775 816 in
805 787 1036 816 occursum
1066 788 1216 817 eorum
1245 779 1370 817 extra
1400 779 1557 816 castra.
1588 773 1624 800 14
1646 774 1882 829 Iratusque
1910 774 2085 830 Moyses
2115 774 2279 831 princi-

443 833 572 890 pibus
595 832 835 889 exercitus,
858 833 1071 889 tribunis,
1094 839 1138 876 et
1166 833 1497 876 centurionibus
1528 833 1602 889 qui
1631 838 1844 876 venerant
1874 832 1928 876 de
1949 832 2087 889 bello,
2119 833 2155 860 ¹⁵
2175 834 2239 877 ait
2266 851 2279 878 :

444 893 530 937 Cur
553 892 747 936 feminas
768 892 1054 936 reservastis?
1086 892 1122 919 ¹⁰
1144 894 1301 936 Nonne
1322 892 1421 935 istae
1444 898 1566 948 sunt,
1591 907 1689 948 quae
1712 892 1981 949 deceperunt
2002 892 2116 936 filios
2139 893 2280 937 Israel

441 952 498 995 ad
527 951 861 1008 suggestionem
894 951 1101 1007 Balaam,
1125 957 1169 995 et
1197 952 1480 1008 praevaricari
1509 966 1587 994 vos
1617 952 1823 995 fecerunt
1850 951 1897 994 in
1927 952 2121 995 Domino
2149 967 2282 1010 super

442 1017 625 1068 peccato
648 1011 835 1067 Phogor,
859 1010 976 1054 unde
998 1017 1040 1054 et
1062 1025 1293 1068 percussus
1317 1016 1382 1054 est
1403 1011 1621 1067 populus?
1644 1010 1678 1037 '¹7
1699 1013 1816 1066 Ergo
1838 1016 2021 1054 cunctos
2042 1011 2282 1055 interficite

444 1070 656 1126 quidquid
681 1076 746 1113 est
768 1070 941 1126 generis
965 1070 1222 1125 masculini,
1242 1070 1379 1113 etiam
1399 1070 1446 1112 in
1469 1070 1691 1127 parvulis;
1716 1075 1759 1113 et
1781 1070 2002 1126 mulieres,
2023 1085 2122 1126 quae
2145 1085 2279 1114 nove-

442 1135 543 1173 runt
565 1130 681 1173 viros
703 1130 749 1172 in
773 1129 911 1185 coitu,
934 1129 1163 1185 jugulate3
1198 1129 1234 1155 13
1256 1129 1427 1185 puellas
1449 1134 1600 1172 autem
1622 1135 1665 1172 et
1695 1143 1845 1172 omnes
1867 1129 2061 1173 feminas
2083 1130 2281 1186 virgines

440 1194 660 1232 reservate
693 1189 832 1231 vobis.
857 1188 893 1214 13
923 1190 979 1231 Et
1009 1194 1185 1232 manete
1214 1194 1338 1231 extra
1369 1192 1513 1231 castra
1547 1193 1717 1245 septem
1747 1188 1916 1231 diebus.
1947 1188 2030 1239 Qui
2068 1189 2281 1233 occiderit

441 1248 686 1303 hominem,
710 1248 781 1291 vel
804 1248 999 1291 occisum
1021 1247 1238 1304 tetigerit,
1262 1247 1525 1290 lustrabitur
1546 1247 1617 1291 die
1638 1247 1769 1291 tertio
1790 1253 1833 1291 et
1854 1247 2058 1305 septimo.
2088 1247 2125 1274 2⁰
2146 1250 2204 1292 Et
2225 1249 2283 1292 de

441 1307 560 1350 omni
590 1307 762 1363 praeda,
792 1307 886 1350 sive
915 1307 1232 1350 vestimentum
1261 1307 1420 1363 fuerit,
1449 1307 1543 1350 sive
1575 1322 1675 1363 vas,
1706 1312 1750 1350 et
1778 1307 1949 1363 aliquid
1985 1307 2033 1350 in
2070 1307 2282 1351 utensilia

440 1372 760 1423 praeparatum,
780 1366 834 1410 de
856 1380 1089 1423 caprarum
1111 1366 1322 1424 pellibus,
1343 1372 1385 1410 et
1407 1366 1522 1423 pilis,
1546 1371 1590 1409 et
1610 1366 1754 1423 ligno,
1774 1366 2041 1424 expiabitur.

499 1424 532 1452 31
554 1425 738 1468 Eleazar
763 1440 935 1482 quoque
964 1426 1188 1482 sacerdos,
1207 1426 1264 1469 ad
1286 1426 1402 1469 viros
1433 1426 1652 1470 exercitus
1675 1426 1749 1482 qui
1776 1431 2106 1483 pugnaverant,
2129 1426 2192 1470 sic
2216 1426 2283 1470 lo-

440 1491 567 1528 cutus
597 1491 661 1528 est
687 1502 695 1529 :
727 1486 826 1528 Hoc
860 1491 926 1528 est
961 1491 1236 1543 praeceptum
1273 1485 1406 1542 legis,
1441 1485 1556 1541 quod
1586 1485 1819 1528 mandavit
1850 1485 2068 1529 Dominus
2096 1486 2240 1542 Moysi
2269 1503 2281 1530 z

440 1543 476 1570 ‘²2
498 1546 689 1600 Aurum,
721 1550 764 1588 et
799 1550 1056 1600 argentum,
1095 1551 1139 1589 et
1178 1560 1257 1601 aes,
1297 1550 1341 1588 et
1372 1545 1561 1601 ferrum,
1601 1550 1644 1588 et
1684 1545 1939 1602 plumbum,
1971 1550 2015 1588 et
2046 1550 2281 1601 stannum,

440 1603 477 1630 ⁶²3
498 1610 541 1647 et
567 1618 696 1647 omne
721 1604 836 1660 quod
862 1610 1007 1661 potest
1035 1605 1224 1648 transire
1256 1619 1333 1661 per
1364 1604 1589 1660 flammas,
1612 1604 1717 1660 igne
1751 1604 2039 1661 purgabitur,
2064 1605 2282 1660 quidquid

439 1668 589 1706 autem
617 1663 770 1719 ignem
799 1677 886 1706 non
915 1669 1060 1720 potest
1085 1664 1321 1719 sustinere,
1344 1678 1459 1719 aqua
1482 1663 1748 1720 expiationis
1778 1663 2144 1707 sanctificabitur.
2163 1663 2200 1690 ²4
2222 1665 2281 1707 Et

439 1722 648 1765 lavabitis
685 1723 952 1766 vestimenta
988 1729 1134 1767 vestra
1164 1723 1235 1766 die
1264 1723 1483 1779 septimo;
1515 1729 1558 1766 et
1594 1723 1815 1780 purificati
1849 1728 2002 1780 postea
2032 1729 2175 1766 castra
2210 1723 2280 1766 in—

439 1781 628 1825 trabitis.

497 1840 534 1867 “25
557 1841 684 1884 Dixit
707 1855 878 1897 quoque
908 1841 1125 1885 Dominus
1154 1842 1211 1885 ad
1240 1843 1425 1898 Moysen
1455 1858 1463 1886 :
1493 1841 1531 1868 36
1551 1842 1714 1885 Tollite
1744 1856 1967 1885 summam
1997 1856 2148 1886 eorum
2179 1855 2280 1897 quae

440 1906 570 1957 capta
599 1905 722 1956 sunt,
745 1900 802 1942 ab
832 1901 1011 1944 homine
1040 1915 1178 1956 usque
1207 1901 1263 1944 ad
1293 1915 1448 1957 peCUS,
1472 1906 1520 1944 tu
1551 1906 1594 1944 et
1624 1901 1809 1944 Eleazar
1838 1901 2063 1957 sacerdos,
2087 1906 2131 1944 et
2159 1900 2279 1957 prin-

440 1959 558 2016 cipes
589 1959 742 2014 vulgi3
775 1958 810 1985 ‘27
834 1959 1093 2016 dividesque
1123 1975 1177 2003 ex
1209 1975 1334 2016 aequo
1364 1960 1584 2017 praedam,
1614 1961 1730 2003 inter
1759 1974 1832 2004 eos
1862 1961 1936 2017 qui
1966 1965 2280 2018 pugnaverunt

440 2018 690 2074 egressique
713 2024 816 2061 sunt
836 2019 893 2061 ad
916 2019 1105 2074 bellum,
1130 2026 1173 2062 et
1194 2019 1310 2063 inter
1336 2034 1512 2063 omnem
1535 2020 1752 2077 reliquam
1782 2020 2132 2063 multitudinem.
2162 2017 2199 2045 38
2222 2020 2281 2062 Et

439 2077 664 2134 separabis
697 2083 869 2135 partem
905 2078 1097 2121 Domino
1130 2079 1187 2121 ab
1220 2079 1289 2121 his
1323 2079 1397 2135 qui
1427 2085 1741 2136 pugnaverunt
1774 2085 1817 2123 et
1845 2080 2029 2123 fuerunt
2058 2079 2105 2121 in
2139 2078 2281 2134 bello,

440 2151 574 2179 unam
595 2137 793 2179 animam
816 2137 870 2180 de
892 2137 1167 2193 quingentis,
1192 2143 1284 2180 tam
1308 2152 1361 2181 ex
1382 2138 1637 2181 hominibus
1668 2153 1801 2194 quam
1831 2153 1885 2182 ex
1906 2138 2047 2182 bobus
2077 2143 2121 2182 et
2140 2137 2281 2180 asinis

439 2202 482 2238 et
505 2196 679 2252 ovibus,
703 2196 740 2222 39
761 2202 805 2245 et
827 2196 953 2239 dabis
977 2211 1075 2240 eam
1099 2197 1311 2241 Eleazaro
1332 2197 1571 2253 sacerdoti,
1596 2198 1698 2253 quia
1721 2198 1932 2254 primitiae
1957 2197 2137 2241 Domini
2160 2202 2279 2239 sunt.

439 2255 476 2281 3⁰
497 2257 566 2298 Ex
595 2255 742 2299 media
764 2269 934 2311 quoque
956 2261 1080 2312 parte
1102 2256 1293 2299 filiorum
1320 2256 1459 2300 Israel
1487 2257 1680 2314 accipies
1704 2257 2122 2313 quinquagesimum
2144 2261 2280 2312 caput

439 2314 691 2370 hominum,
714 2321 757 2358 et
785 2315 940 2371 boum,
972 2320 1016 2358 et
1043 2316 1289 2371 asinorum,
1321 2321 1365 2359 et
1394 2316 1564 2372 ovium,
1597 2322 1857 2359 cunctorum
1884 2316 2203 2370 animantium,
2235 2320 2278 2358 et

438 2373 565 2416 dabis
595 2388 646 2417 ea
675 2374 842 2430 levitis,
875 2374 948 2430 qui
979 2374 1202 2417 excubant
1230 2375 1277 2417 in
1309 2375 1519 2418 custodiis
1549 2375 1826 2419 tabernaculi
1858 2375 2052 2420 Domini.
2083 2374 2117 2401 31
2142 2375 2279 2417 Fece-

437 2437 626 2488 runtque
656 2433 832 2489 Moyses
866 2439 909 2477 et
950 2434 1147 2490 Eleazar,
1182 2434 1298 2478 sicut
1339 2439 1612 2492 praeceperat
1651 2435 1881 2479 Dominus.
1919 2434 1957 2462 33
1985 2434 2090 2478 Fuit
2126 2439 2276 2476 autem

437 2491 609 2548 praeda,
648 2506 781 2548 quam
818 2493 1036 2536 exercitus
1080 2499 1275 2550 ceperat,
1316 2494 1465 2537 ovium
1509 2499 1719 2537 sexcenta
1760 2494 2045 2552 septuaginta
2085 2492 2280 2549 quinque

438 2551 600 2603 millia,
632 2551 669 2578 33
690 2551 824 2595 boum
853 2553 1138 2609 septuaginta
1169 2553 1256 2596 duo
1285 2553 1449 2609 millia,
1481 2553 1517 2580 34
1538 2553 1764 2596 asinorum
1794 2553 2027 2609 sexaginta
2057 2551 2200 2595 millia
2232 2558 2276 2595 et

438 2610 585 2666 mille;
610 2610 646 2637 35
663 2611 827 2654 animae
850 2611 1083 2655 hominum
1105 2626 1234 2656 sexus
1257 2612 1464 2668 feminei,
1489 2628 1586 2668 quae
1608 2627 1696 2655 non
1719 2618 2018 2669 cognoverant
2038 2612 2176 2668 viros,
2199 2611 2278 2654 tri-

437 2669 563 2725 ginta
598 2670 684 2713 duo
717 2671 872 2714 millia.
905 2671 942 2698 33
965 2673 1168 2727 Dataque
1198 2678 1264 2715 est
1294 2672 1440 2715 media
1473 2687 1574 2729 pars
1607 2672 1676 2715 his
1707 2672 1780 2728 qui
1812 2672 1859 2715 in
1889 2671 2045 2729 praelio
2073 2671 2276 2726 fuerant,

438 2728 586 2771 ovium
609 2735 805 2773 trecenta
828 2730 1013 2787 triginta
1043 2736 1213 2788 septem
1244 2731 1386 2774 millia
1409 2731 1695 2788 quingentae,
1727 2731 1762 2758 37
1787 2746 1810 2775 e
1839 2731 1997 2787 quibus
2027 2731 2074 2773 in
2103 2735 2277 2788 partem

439 2788 619 2830 Domini
657 2795 909 2846 supputatae
951 2796 1054 2833 sunt
1087 2804 1190 2834 oves
1231 2796 1453 2834 sexcentae
1490 2791 1775 2848 septuaginta
1812 2790 2034 2847 quinque3
2074 2790 2111 2828 38
2140 2795 2184 2834 et
2220 2789 2278 2833 de

436 2846 576 2889 bobus
605 2847 790 2903 triginta
819 2863 896 2892 sex
931 2849 1149 2906 millibus,
1181 2850 1315 2894 boves
1349 2850 1634 2907 septuaginta
1668 2856 1712 2894 et
1741 2850 1856 2905 du0;
1888 2849 1925 2876 39
1947 2850 2000 2893 de
2028 2849 2165 2892 asinis
2198 2849 2278 2891 tri-

436 2905 563 2961 ginta
586 2907 782 2950 millibus
806 2909 1081 2965 quingentiS,
1101 2910 1215 2952 asini
1238 2909 1473 2965 sexaginta
1496 2924 1633 2964 unus3
1658 2909 1694 2936 4⁰
1712 2910 1766 2953 de
1786 2909 2020 2952 animabus
2042 2908 2273 2952 hominum

437 2965 630 3008 sedecim
671 2966 889 3023 millibus,
933 2974 1157 3011 cesserunt
1196 2969 1243 3011 in
1285 2974 1457 3026 partem
1503 2968 1685 3012 Domini
1726 2968 1911 3024 triginta
1953 2968 2053 3011 duae
2093 2967 2276 3011 animae.

436 3023 470 3050 ‘¹¹
494 3024 784 3081 Tradiditque
804 3027 980 3083 Moyses
1003 3042 1235 3071 numerum
1258 3028 1556 3085 primitiarum
1581 3028 1760 3071 Domini
1793 3028 2006 3071 Eleazaro
2032 3026 2273 3082 sacerdoti,

437 3083 552 3126 sicut
572 3083 720 3127 fuerat
750 3085 788 3128 ei
818 3085 1106 3142 imperatum,
1138 3087 1174 3114 4'2
1195 3102 1250 3131 ex
1273 3087 1420 3131 media
1442 3092 1566 3144 parte
1595 3087 1785 3130 filiorum
1809 3087 1968 3143 Israel,
1993 3101 2127 3144 quam
2148 3101 2274 3143 sepa—

435 3148 610 3186 raverat
631 3143 699 3185 his
722 3144 794 3199 qui
816 3144 862 3187 in
885 3145 1039 3201 praelio
1067 3147 1260 3190 fuerant.
1291 3146 1328 3173 ⁴3
1352 3148 1418 3190 De
1450 3147 1596 3190 media
1626 3161 1728 3190 vero
1757 3152 1881 3202 parte
1903 3161 2001 3202 quae
2026 3145 2274 3201 contigerat

435 3201 617 3258 reliquae
648 3202 945 3260 multitudini,
967 3205 1013 3247 id
1044 3211 1129 3261 est,
1154 3206 1208 3249 de
1238 3206 1392 3249 ovibus
1422 3206 1631 3249 trecentis
1660 3205 1845 3260 triginta
1874 3211 2045 3263 septem
2075 3204 2276 3247 millibus

437 3261 712 3317 quingentis,
743 3261 779 3288 4'*
801 3268 844 3305 et
873 3263 927 3306 de
956 3264 1095 3306 bobus
1125 3265 1310 3321 triginta
1339 3280 1416 3309 sex
1446 3265 1664 3320 millibus,
1702 3264 1738 3291 45
1767 3270 1811 3307 et
1839 3265 1893 3308 de
1921 3265 2057 3308 asinis
2087 3263 2275 3319 triginta

437 3319 634 3363 millibus
657 3321 932 3378 quingentis,
955 3322 992 3349 4⁶
1013 3329 1056 3366 et
1079 3324 1132 3367 de
1153 3324 1408 3367 hominibus
1430 3324 1624 3368 sedecim
1653 3324 1872 3380 millibus,
1904 3324 1939 3351 ‘¹⁷
1961 3323 2067 3367 tulit
2096 3323 2275 3378 Moyses

438 3379 853 3436 quinquagesimum
882 3387 1034 3438 caput,
1066 3388 1109 3425 et
1138 3383 1260 3426 dedit
1289 3383 1457 3439 levitis,
1488 3383 1561 3439 qui
1591 3382 1874 3427 excubabant
1905 3384 1952 3426 in
1985 3381 2277 3426 tabernaculo

440 3439 641 3494 Domini,
665 3439 780 3483 sicut
802 3448 1074 3497 praeceperat
1099 3442 1330 3486 Dominus.

496 3497 532 3523 4⁸
555 3498 753 3554 Cumque
773 3499 1065 3543 accessissent
1086 3500 1307 3558 principes
1331 3502 1548 3545 exercitus
1574 3501 1631 3544 ad
1659 3502 1865 3558 Moysen,
1888 3508 1932 3546 et
1960 3501 2148 3558 tribuni,
2171 3514 2275 3544 cen-

439 3642 485 3675 17]
508 3641 584 3669 aud.
601 3642 695 3676 XXI,
718 3644 760 3670 11.
781 3656 816 3662 —
833 3643 881 3676 21]
898 3643 976 3670 Lev.
991 3642 1050 3678 VI,
1065 3646 1098 3670 as
1117 3646 1149 3671 et
1170 3644 1230 3672 XI.
1247 3648 1283 3671 33
1300 3649 1333 3671 ct
1350 3644 1422 3677 XV,
1437 3647 1482 3673 11.
